
  
  
  
  
  
  
  
 
  
  <record xsi:schemaLocation="http://www.loc.gov/MARC21/slim http://www.loc.gov/standards/marcxml/schema/MARC21slim.xsd">
      <leader>00000cam a2200853 i 4500</leader>
      <controlfield tag="FMT">BK</controlfield>
      <controlfield tag="LDR">00000cam a2200853 i 4500</controlfield>
      <controlfield tag="001">004949377</controlfield>
      <controlfield tag="003">OCoLC</controlfield>
      <controlfield tag="005">20170403101712.0</controlfield>
      <controlfield tag="008">170403s2011    ru a     b    001 0 rus c</controlfield>
      <datafield tag="010" ind1=" " ind2=" ">
         <subfield code="a">2013484698</subfield>
      </datafield>
      <datafield tag="020" ind1=" " ind2=" ">
         <subfield code="a">9785431800092</subfield>
         <subfield code="q">(Filol. f-t SPbGU)</subfield>
      </datafield>
      <datafield tag="020" ind1=" " ind2=" ">
         <subfield code="a">5431800094</subfield>
         <subfield code="q">(Filol. f-t SPbGU)</subfield>
      </datafield>
      <datafield tag="020" ind1=" " ind2=" ">
         <subfield code="a">9785983611337</subfield>
         <subfield code="q">(Iskusstvo Rossii)</subfield>
      </datafield>
      <datafield tag="020" ind1=" " ind2=" ">
         <subfield code="a">598361133X</subfield>
         <subfield code="q">(Iskusstvo Rossii)</subfield>
      </datafield>
      <datafield tag="035" ind1=" " ind2=" ">
         <subfield code="a">(OCoLC)719861016</subfield>
      </datafield>
      <datafield tag="040" ind1=" " ind2=" ">
         <subfield code="a">EVIEW</subfield>
         <subfield code="b">eng</subfield>
         <subfield code="e">rda</subfield>
         <subfield code="c">EVIEW</subfield>
         <subfield code="d">DLC</subfield>
         <subfield code="d">ORU</subfield>
         <subfield code="d">OCLCA</subfield>
         <subfield code="d">OCLCF</subfield>
         <subfield code="d">OCLCO</subfield>
         <subfield code="d">GBVCP</subfield>
         <subfield code="d">OCLCQ</subfield>
         <subfield code="d">S3O</subfield>
         <subfield code="d">OCLCA</subfield>
         <subfield code="d">NNU</subfield>
      </datafield>
      <datafield tag="041" ind1="0" ind2=" ">
         <subfield code="a">rus</subfield>
         <subfield code="b">eng</subfield>
      </datafield>
      <datafield tag="042" ind1=" " ind2=" ">
         <subfield code="a">pcc</subfield>
      </datafield>
      <datafield tag="043" ind1=" " ind2=" ">
         <subfield code="a">a-ai---</subfield>
         <subfield code="a">a-ir---</subfield>
         <subfield code="a">a-tu---</subfield>
      </datafield>
      <datafield tag="050" ind1="0" ind2="0">
         <subfield code="a">DS156.U7</subfield>
         <subfield code="b">P59 2011</subfield>
      </datafield>
      <datafield tag="082" ind1="0" ind2="4">
         <subfield code="a">939.55</subfield>
         <subfield code="2">23/swe</subfield>
      </datafield>
      <datafield tag="100" ind1="1" ind2=" ">
         <subfield code="6">880-01</subfield>
         <subfield code="a">Piotrovskiĭ, B. B.</subfield>
         <subfield code="q">(Boris Borisovich),</subfield>
         <subfield code="d">1908-1990,</subfield>
         <subfield code="e">author.</subfield>
      </datafield>
      <datafield tag="245" ind1="1" ind2="0">
         <subfield code="6">880-02</subfield>
         <subfield code="a">Istorii͡a i kulʹtura Urartu /</subfield>
         <subfield code="c">B.B. Piotrovskiĭ ; Redakt͡sionnai͡a kollegii͡a, I͡U.I͡U. Piotrovskiĭ, M.M. Kozlova ; vstupitelʹnai͡a statʹi͡a, predislovie, M.B. Piotrovskiĭ.</subfield>
      </datafield>
      <datafield tag="246" ind1="1" ind2="5">
         <subfield code="a">History and culture of Urartu</subfield>
      </datafield>
      <datafield tag="264" ind1=" " ind2="1">
         <subfield code="6">880-03</subfield>
         <subfield code="a">Sankt-Peterburg :</subfield>
         <subfield code="b">Iskusstvo Rossii :</subfield>
         <subfield code="b">Filologicheskiĭ fakulʹtet SPbGU,</subfield>
         <subfield code="c">2011.</subfield>
      </datafield>
      <datafield tag="300" ind1=" " ind2=" ">
         <subfield code="a">653 pages :</subfield>
         <subfield code="b">illustrations (some color) ;</subfield>
         <subfield code="c">25 cm.</subfield>
      </datafield>
      <datafield tag="336" ind1=" " ind2=" ">
         <subfield code="a">text</subfield>
         <subfield code="b">txt</subfield>
         <subfield code="2">rdacontent</subfield>
      </datafield>
      <datafield tag="337" ind1=" " ind2=" ">
         <subfield code="a">unmediated</subfield>
         <subfield code="b">n</subfield>
         <subfield code="2">rdamedia</subfield>
      </datafield>
      <datafield tag="338" ind1=" " ind2=" ">
         <subfield code="a">volume</subfield>
         <subfield code="b">nc</subfield>
         <subfield code="2">rdacarrier</subfield>
      </datafield>
      <datafield tag="490" ind1="1" ind2=" ">
         <subfield code="6">880-04</subfield>
         <subfield code="a">Klassika Ėrmitazha</subfield>
      </datafield>
      <datafield tag="500" ind1=" " ind2=" ">
         <subfield code="a">Added t.p. also in English.</subfield>
      </datafield>
      <datafield tag="500" ind1=" " ind2=" ">
         <subfield code="6">880-05</subfield>
         <subfield code="a">At head ot title: Gosudarstvennyĭ Ėrmitazh, Filologicheskiĭ fakulʹtet Sankt-Peterburgskogo gosudarstvennogo universiteta.</subfield>
      </datafield>
      <datafield tag="504" ind1=" " ind2=" ">
         <subfield code="a">Includes bibliographical references and index.</subfield>
      </datafield>
      <datafield tag="651" ind1=" " ind2="0">
         <subfield code="a">Urartu.</subfield>
      </datafield>
      <datafield tag="651" ind1=" " ind2="0">
         <subfield code="a">Urartu</subfield>
         <subfield code="x">Antiquities.</subfield>
      </datafield>
      <datafield tag="651" ind1=" " ind2="0">
         <subfield code="a">Armenia</subfield>
         <subfield code="x">History</subfield>
         <subfield code="y">To 428.</subfield>
      </datafield>
      <datafield tag="651" ind1=" " ind2="0">
         <subfield code="a">Armenia</subfield>
         <subfield code="x">Civilization.</subfield>
      </datafield>
      <datafield tag="700" ind1="1" ind2=" ">
         <subfield code="6">880-06</subfield>
         <subfield code="a">Piotrovskiĭ, I͡U. I͡U.,</subfield>
         <subfield code="e">editor.</subfield>
      </datafield>
      <datafield tag="700" ind1="1" ind2=" ">
         <subfield code="6">880-07</subfield>
         <subfield code="a">Piotrovskiĭ, M. B.</subfield>
         <subfield code="q">(Mikhail Borisovich),</subfield>
         <subfield code="e">editor.</subfield>
      </datafield>
      <datafield tag="700" ind1="1" ind2=" ">
         <subfield code="6">880-08</subfield>
         <subfield code="a">Kozlova, M.</subfield>
         <subfield code="q">(Marii͡a),</subfield>
         <subfield code="e">editor.</subfield>
      </datafield>
      <datafield tag="710" ind1="2" ind2=" ">
         <subfield code="6">880-09</subfield>
         <subfield code="a">Gosudarstvennyĭ Ėrmitazh (Russia),</subfield>
         <subfield code="e">issuing body.</subfield>
      </datafield>
      <datafield tag="710" ind1="2" ind2=" ">
         <subfield code="6">880-10</subfield>
         <subfield code="a">Sankt-Peterburgskiĭ gosudarstvennyĭ universitet.</subfield>
         <subfield code="b">Filologicheskiĭ fakulʹtet,</subfield>
         <subfield code="e">issuing body.</subfield>
      </datafield>
      <datafield tag="880" ind1="1" ind2=" ">
         <subfield code="6">100-01/</subfield>
         <subfield code="a">Пиотровский, Б. Б.</subfield>
         <subfield code="q">(Борис Борисович),</subfield>
         <subfield code="d">1908-1990,</subfield>
         <subfield code="e">author.</subfield>
      </datafield>
      <datafield tag="880" ind1="1" ind2="0">
         <subfield code="6">245-02/</subfield>
         <subfield code="a">История и культура Урарту /</subfield>
         <subfield code="c">Б.Б. Пиотровский ; Редакционная коллегия, Ю.Ю. Пиотровский, М.М. Козлова ; вступительная статья, предисловие, М.Б. Пиотровский.</subfield>
      </datafield>
      <datafield tag="880" ind1=" " ind2="1">
         <subfield code="6">264-03/</subfield>
         <subfield code="a">Санкт-Петербург :</subfield>
         <subfield code="b">Искусство России :</subfield>
         <subfield code="b">Филологический факультет СПбГУ,</subfield>
         <subfield code="c">2011.</subfield>
      </datafield>
      <datafield tag="880" ind1="1" ind2=" ">
         <subfield code="6">490-04/</subfield>
         <subfield code="a">Классика Эрмитажа</subfield>
      </datafield>
      <datafield tag="880" ind1=" " ind2=" ">
         <subfield code="6">500-05/</subfield>
         <subfield code="a">At head ot title: Государственный Эрмитаж, Филологический факультет Санкт-Петербургского государственного университета.</subfield>
      </datafield>
      <datafield tag="880" ind1="1" ind2=" ">
         <subfield code="6">700-06/</subfield>
         <subfield code="a">Пиотровский, Ю. Ю.,</subfield>
         <subfield code="e">editor.</subfield>
      </datafield>
      <datafield tag="880" ind1="1" ind2=" ">
         <subfield code="6">700-07/</subfield>
         <subfield code="a">Пиотровский, М. Б.</subfield>
         <subfield code="q">(Михаил Борисович),</subfield>
         <subfield code="e">editor.</subfield>
      </datafield>
      <datafield tag="880" ind1="1" ind2=" ">
         <subfield code="6">700-08/</subfield>
         <subfield code="a">Козлова, М.</subfield>
         <subfield code="q">(Мария),</subfield>
         <subfield code="e">editor.</subfield>
      </datafield>
      <datafield tag="880" ind1="2" ind2=" ">
         <subfield code="6">710-09/</subfield>
         <subfield code="a">Государственный Эрмитаж (Russia),</subfield>
         <subfield code="e">issuing body.</subfield>
      </datafield>
      <datafield tag="880" ind1="2" ind2=" ">
         <subfield code="6">710-10/</subfield>
         <subfield code="a">Санкт-Петербургский государственный университет.</subfield>
         <subfield code="b">Филологический факультет.,</subfield>
         <subfield code="e">issuing body.</subfield>
      </datafield>
      <datafield tag="830" ind1=" " ind2="0">
         <subfield code="6">880-11</subfield>
         <subfield code="a">Klassika Ėrmitazha.</subfield>
      </datafield>
      <datafield tag="880" ind1=" " ind2="0">
         <subfield code="6">830-11/</subfield>
         <subfield code="a">Классика Эрмитажа.</subfield>
      </datafield>
      <datafield tag="994" ind1=" " ind2=" ">
         <subfield code="a">Z0</subfield>
         <subfield code="b">ZYU</subfield>
      </datafield>
      <datafield tag="OWN" ind1=" " ind2=" ">
         <subfield code="a">GENERAL</subfield>
      </datafield>
      <datafield tag="AVA" ind1=" " ind2=" ">
         <subfield code="a">NYU50</subfield>
         <subfield code="b">NISAW</subfield>
         <subfield code="c">Small Collection</subfield>
         <subfield code="d">DS156.U7 P59 2011 Non-circulating</subfield>
         <subfield code="e">available</subfield>
         <subfield code="t">Available</subfield>
         <subfield code="f">1</subfield>
         <subfield code="g">0</subfield>
         <subfield code="h">N</subfield>
         <subfield code="i">0</subfield>
         <subfield code="j">SMALL</subfield>
         <subfield code="k">0</subfield>
      </datafield>
      <marc:datafield tag="852" ind1=" " ind2=" ">
         <marc:subfield code="b">Institute for the Study of the Ancient World, </marc:subfield>
         <marc:subfield code="c">Small Collection</marc:subfield>
         <marc:subfield code="e">15 East 84th St., </marc:subfield>
         <marc:subfield code="e">New York, NY  10028</marc:subfield>
      </marc:datafield>
   </record>