
  
  
  
  
  
  
  
  
  
  
 
  
  <record xsi:schemaLocation="http://www.loc.gov/MARC21/slim http://www.loc.gov/standards/marcxml/schema/MARC21slim.xsd">
      <leader>00000cas a2200325 a 4500</leader>
      <controlfield tag="FMT">SE</controlfield>
      <controlfield tag="LDR">00000cas a2200325 a 4500</controlfield>
      <controlfield tag="001">001557111</controlfield>
      <controlfield tag="003">NNU</controlfield>
      <controlfield tag="005">20120606094229.0</controlfield>
      <controlfield tag="008">920903c19899999pl ar|        0    0eng c</controlfield>
      <datafield tag="010" ind1=" " ind2=" ">
         <subfield code="a">sn 92025796</subfield>
      </datafield>
      <datafield tag="022" ind1=" " ind2=" ">
         <subfield code="a">1234-5415</subfield>
      </datafield>
      <datafield tag="035" ind1=" " ind2=" ">
         <subfield code="a">(OCoLC)26532072</subfield>
      </datafield>
      <datafield tag="035" ind1="9" ind2=" ">
         <subfield code="a">NYUb12052290</subfield>
      </datafield>
      <datafield tag="035" ind1=" " ind2=" ">
         <subfield code="a">(CStRLIN)DCLCSN9225796-S</subfield>
      </datafield>
      <datafield tag="035" ind1=" " ind2=" ">
         <subfield code="a">(NYU)NYUb12052290</subfield>
      </datafield>
      <datafield tag="040" ind1=" " ind2=" ">
         <subfield code="a">MH</subfield>
         <subfield code="b">eng</subfield>
         <subfield code="c">MH</subfield>
         <subfield code="d">NST</subfield>
         <subfield code="d">OCoLC</subfield>
         <subfield code="d">CLU</subfield>
         <subfield code="d">MiU</subfield>
         <subfield code="d">SYS</subfield>
         <subfield code="d">OCLCQ</subfield>
         <subfield code="d">ZYU</subfield>
         <subfield code="d">NNU</subfield>
      </datafield>
      <datafield tag="042" ind1=" " ind2=" ">
         <subfield code="a">pcc</subfield>
      </datafield>
      <datafield tag="043" ind1=" " ind2=" ">
         <subfield code="a">mm-----</subfield>
      </datafield>
      <datafield tag="050" ind1="1" ind2="4">
         <subfield code="a">GN848.A1</subfield>
         <subfield code="b">P65</subfield>
      </datafield>
      <datafield tag="079" ind1=" " ind2=" ">
         <subfield code="a">(OCoLC)26532072</subfield>
      </datafield>
      <datafield tag="245" ind1="0" ind2="0">
         <subfield code="a">Polish archaeology in the Mediterranean.</subfield>
      </datafield>
      <datafield tag="260" ind1=" " ind2=" ">
         <subfield code="a">Warsaw :</subfield>
         <subfield code="b">Warsaw University Press,</subfield>
         <subfield code="c">1990-</subfield>
      </datafield>
      <datafield tag="300" ind1=" " ind2=" ">
         <subfield code="a">v. :</subfield>
         <subfield code="b">ill. ;</subfield>
         <subfield code="c">21-24 cm.</subfield>
      </datafield>
      <datafield tag="310" ind1=" " ind2=" ">
         <subfield code="a">Annual</subfield>
      </datafield>
      <datafield tag="362" ind1="0" ind2=" ">
         <subfield code="a">[1] (1988-1989)-</subfield>
      </datafield>
      <datafield tag="500" ind1=" " ind2=" ">
         <subfield code="a">At head of title: Polish Centre of Mediterranean Archaeology, University of Warsaw.</subfield>
      </datafield>
      <datafield tag="515" ind1=" " ind2=" ">
         <subfield code="a">Vol. for 1988-1989 not numbered.</subfield>
      </datafield>
      <datafield tag="515" ind1=" " ind2=" ">
         <subfield code="a">Vols. for 1989-&lt;2003&gt; called also: Reports.</subfield>
      </datafield>
      <datafield tag="588" ind1=" " ind2=" ">
         <subfield code="a">Latest issue consulted: 17 (2005).</subfield>
      </datafield>
      <datafield tag="500" ind1=" " ind2=" ">
         <subfield code="a">ISAW copy is a gift of Roger S. Bagnall.</subfield>
         <subfield code="5">NyNyUAW</subfield>
      </datafield>
      <datafield tag="650" ind1=" " ind2="0">
         <subfield code="a">Archaeology</subfield>
         <subfield code="z">Mediterranean Region</subfield>
         <subfield code="v">Periodicals.</subfield>
      </datafield>
      <datafield tag="651" ind1=" " ind2="0">
         <subfield code="a">Mediterranean Region</subfield>
         <subfield code="x">Antiquities</subfield>
         <subfield code="v">Periodicals.</subfield>
      </datafield>
      <datafield tag="710" ind1="2" ind2=" ">
         <subfield code="a">Uniwersytet Warszawski.</subfield>
         <subfield code="b">Centrum Archeologii Śródziemnomorskiej im. Kazimierza Michałowskiego.</subfield>
      </datafield>
      <datafield tag="710" ind1="2" ind2=" ">
         <subfield code="a">Uniwersytet Warszawski.</subfield>
      </datafield>
      <datafield tag="700" ind1="1" ind2=" ">
         <subfield code="a">Bagnall, Roger S.,</subfield>
         <subfield code="e">donor.</subfield>
         <subfield code="5">NyNyUAW</subfield>
      </datafield>
      <datafield tag="866" ind1="4" ind2="1">
         <subfield code="l">Bobst</subfield>
         <subfield code="d">GN848.A1 P65</subfield>
         <subfield code="e">9910</subfield>
         <subfield code="j">4-6, 15</subfield>
         <subfield code="k">1992-1994, 2003</subfield>
      </datafield>
      <datafield tag="OWN" ind1=" " ind2=" ">
         <subfield code="a">GENERAL</subfield>
      </datafield>
      <datafield tag="966" ind1="4" ind2="1">
         <subfield code="l">ISAW Oak Collection</subfield>
         <subfield code="d">GN848.A1 P65</subfield>
         <subfield code="e">1206</subfield>
         <subfield code="j">11-17</subfield>
         <subfield code="k">1999-2005</subfield>
      </datafield>
      <datafield tag="H66" ind1=" " ind2=" ">
         <subfield code="l">ISAW Oak Collection</subfield>
         <subfield code="d">GN848.A1 P65</subfield>
         <subfield code="q">NISAWOAK=ZZ</subfield>
         <subfield code="e">1206</subfield>
         <subfield code="j">11-17</subfield>
         <subfield code="k">1999-2005</subfield>
      </datafield>
      <datafield tag="AVA" ind1=" " ind2=" ">
         <subfield code="a">NYU50</subfield>
         <subfield code="b">BOBST</subfield>
         <subfield code="c">Main Collection</subfield>
         <subfield code="d">GN848.A1 P65</subfield>
         <subfield code="e">available</subfield>
         <subfield code="t">Available</subfield>
         <subfield code="f">4</subfield>
         <subfield code="g">0</subfield>
         <subfield code="h">Y</subfield>
         <subfield code="i">1</subfield>
         <subfield code="j">MAIN</subfield>
         <subfield code="k">0</subfield>
      </datafield>
      <datafield tag="AVA" ind1=" " ind2=" ">
         <subfield code="a">NYU50</subfield>
         <subfield code="b">NISAW</subfield>
         <subfield code="c">Oak Collection</subfield>
         <subfield code="d">GN848.A1 P65 Non-circulating</subfield>
         <subfield code="e">available</subfield>
         <subfield code="t">Available</subfield>
         <subfield code="f">20</subfield>
         <subfield code="g">0</subfield>
         <subfield code="h">Y</subfield>
         <subfield code="i">0</subfield>
         <subfield code="j">OAK</subfield>
         <subfield code="k">0</subfield>
      </datafield>
      <marc:datafield tag="852" ind1=" " ind2=" ">
         <marc:subfield code="b">Institute for the Study of the Ancient World, </marc:subfield>
         <marc:subfield code="c">Oak Collection</marc:subfield>
         <marc:subfield code="e">15 East 84th St., </marc:subfield>
         <marc:subfield code="e">New York, NY  10028</marc:subfield>
      </marc:datafield>
   </record>