
  
  
  
  
  
  
  
  
  
  
 
  
  <record xsi:schemaLocation="http://www.loc.gov/MARC21/slim http://www.loc.gov/standards/marcxml/schema/MARC21slim.xsd">
      <leader>00000cam a22002655a 4500</leader>
      <controlfield tag="FMT">BK</controlfield>
      <controlfield tag="LDR">00000cam a22002655a 4500</controlfield>
      <controlfield tag="001">001359173</controlfield>
      <controlfield tag="003">NNU</controlfield>
      <controlfield tag="005">20170404155602.0</controlfield>
      <controlfield tag="008">930507s1992    sz a     b    000 0 ger</controlfield>
      <datafield tag="010" ind1=" " ind2=" ">
         <subfield code="a">93151214</subfield>
      </datafield>
      <datafield tag="020" ind1=" " ind2=" ">
         <subfield code="a">3727808535</subfield>
      </datafield>
      <datafield tag="035" ind1="9" ind2=" ">
         <subfield code="a">NYUb11767085</subfield>
      </datafield>
      <datafield tag="035" ind1=" " ind2=" ">
         <subfield code="a">(CStRLIN)DCLC93151214-B</subfield>
      </datafield>
      <datafield tag="040" ind1=" " ind2=" ">
         <subfield code="a">DLC</subfield>
         <subfield code="c">DLC</subfield>
      </datafield>
      <datafield tag="043" ind1=" " ind2=" ">
         <subfield code="a">aw-----</subfield>
      </datafield>
      <datafield tag="050" ind1="0" ind2="0">
         <subfield code="a">N5345</subfield>
         <subfield code="b">.K44 1992</subfield>
      </datafield>
      <datafield tag="079" ind1=" " ind2=" ">
         <subfield code="a">(OCoLC)27343590</subfield>
      </datafield>
      <datafield tag="100" ind1="1" ind2=" ">
         <subfield code="a">Keel, Othmar,</subfield>
         <subfield code="d">1937-</subfield>
      </datafield>
      <datafield tag="245" ind1="1" ind2="4">
         <subfield code="a">Das Recht der Bilder gesehen zu werden :</subfield>
         <subfield code="b">drei Fallstudien zur Methode der Interpretation altorientalischer Bilder /</subfield>
         <subfield code="c">Othmar Keel.</subfield>
      </datafield>
      <datafield tag="260" ind1=" " ind2=" ">
         <subfield code="a">Freiburg, Schweiz :</subfield>
         <subfield code="b">Universitätsverlag ;</subfield>
         <subfield code="a">Göttingen :</subfield>
         <subfield code="b">Vandenhoeck &amp; Ruprecht,</subfield>
         <subfield code="c">c1992.</subfield>
      </datafield>
      <datafield tag="300" ind1=" " ind2=" ">
         <subfield code="a">xiv, 307 p. :</subfield>
         <subfield code="b">ill. ;</subfield>
         <subfield code="c">24 cm.</subfield>
      </datafield>
      <datafield tag="490" ind1="1" ind2=" ">
         <subfield code="a">Orbis biblicus et orientalis ;</subfield>
         <subfield code="v">122</subfield>
      </datafield>
      <datafield tag="504" ind1=" " ind2=" ">
         <subfield code="a">Includes bibliographical references (p. [283]-307).</subfield>
      </datafield>
      <datafield tag="500" ind1=" " ind2=" ">
         <subfield code="a">ISAW copy is from the library of David I. Owen.</subfield>
         <subfield code="5">NyNyUAW</subfield>
      </datafield>
      <datafield tag="650" ind1=" " ind2="0">
         <subfield code="a">Art, Ancient</subfield>
         <subfield code="z">Middle East</subfield>
         <subfield code="x">Themes, motives.</subfield>
      </datafield>
      <datafield tag="650" ind1=" " ind2="0">
         <subfield code="a">Art</subfield>
         <subfield code="z">Middle East</subfield>
         <subfield code="x">Themes, motives.</subfield>
      </datafield>
      <datafield tag="650" ind1=" " ind2="0">
         <subfield code="a">Symbolism in art</subfield>
         <subfield code="z">Middle East.</subfield>
      </datafield>
      <datafield tag="700" ind1="1" ind2=" ">
         <subfield code="a">Owen, David I.,</subfield>
         <subfield code="e">former owner.</subfield>
         <subfield code="5">NyNyUAW</subfield>
      </datafield>
      <datafield tag="740" ind1="0" ind2=" ">
         <subfield code="a">Owen Collection.</subfield>
         <subfield code="5">NyNyUAW</subfield>
      </datafield>
      <datafield tag="830" ind1=" " ind2="0">
         <subfield code="a">Orbis biblicus et orientalis ;</subfield>
         <subfield code="v">122.</subfield>
      </datafield>
      <datafield tag="OWN" ind1=" " ind2=" ">
         <subfield code="a">GENERAL</subfield>
      </datafield>
      <datafield tag="AVA" ind1=" " ind2=" ">
         <subfield code="a">NYU50</subfield>
         <subfield code="b">BOBST</subfield>
         <subfield code="c">Main Collection</subfield>
         <subfield code="d">N5345 .K44 1992</subfield>
         <subfield code="e">available</subfield>
         <subfield code="t">Available</subfield>
         <subfield code="f">1</subfield>
         <subfield code="g">0</subfield>
         <subfield code="h">N</subfield>
         <subfield code="i">3</subfield>
         <subfield code="j">MAIN</subfield>
         <subfield code="k">0</subfield>
      </datafield>
      <datafield tag="AVA" ind1=" " ind2=" ">
         <subfield code="a">NYU50</subfield>
         <subfield code="b">NISAW</subfield>
         <subfield code="c">Small Collection</subfield>
         <subfield code="d">N5345 .K44 1992 Non-circulating</subfield>
         <subfield code="e">available</subfield>
         <subfield code="t">Available</subfield>
         <subfield code="f">1</subfield>
         <subfield code="g">0</subfield>
         <subfield code="h">N</subfield>
         <subfield code="i">0</subfield>
         <subfield code="j">SMALL</subfield>
         <subfield code="k">0</subfield>
      </datafield>
      <marc:datafield tag="852" ind1=" " ind2=" ">
         <marc:subfield code="b">Institute for the Study of the Ancient World, </marc:subfield>
         <marc:subfield code="c">Small Collection</marc:subfield>
         <marc:subfield code="e">15 East 84th St., </marc:subfield>
         <marc:subfield code="e">New York, NY  10028</marc:subfield>
      </marc:datafield>
   </record>