
  
  
  
  
  
  
  
  
  
  
  
  
  
  
 
  
  <record xsi:schemaLocation="http://www.loc.gov/MARC21/slim http://www.loc.gov/standards/marcxml/schema/MARC21slim.xsd">
      <leader>00000cam a2200637Ii 4500</leader>
      <controlfield tag="FMT">BK</controlfield>
      <controlfield tag="LDR">00000cam a2200637Ii 4500</controlfield>
      <controlfield tag="001">004949895</controlfield>
      <controlfield tag="003">OCoLC</controlfield>
      <controlfield tag="005">20170502143911.0</controlfield>
      <controlfield tag="008">150507s2015    fr ab    b    001 0 fre d</controlfield>
      <datafield tag="020" ind1=" " ind2=" ">
         <subfield code="a">9782701804361</subfield>
         <subfield code="q">(pbk.)</subfield>
      </datafield>
      <datafield tag="020" ind1=" " ind2=" ">
         <subfield code="a">2701804361</subfield>
         <subfield code="q">(pbk.)</subfield>
      </datafield>
      <datafield tag="035" ind1=" " ind2=" ">
         <subfield code="a">(OCoLC)908678995</subfield>
      </datafield>
      <datafield tag="040" ind1=" " ind2=" ">
         <subfield code="a">AUXAM</subfield>
         <subfield code="b">eng</subfield>
         <subfield code="e">rda</subfield>
         <subfield code="c">AUXAM</subfield>
         <subfield code="d">OCLCQ</subfield>
         <subfield code="d">ERASP</subfield>
         <subfield code="d">CGU</subfield>
         <subfield code="d">OCLCO</subfield>
         <subfield code="d">OCLCF</subfield>
         <subfield code="d">OCLCO</subfield>
         <subfield code="d">CHVBK</subfield>
         <subfield code="d">OCLCO</subfield>
         <subfield code="d">COO</subfield>
         <subfield code="d">LOA</subfield>
         <subfield code="d">ZYU</subfield>
      </datafield>
      <datafield tag="041" ind1="0" ind2=" ">
         <subfield code="a">fre</subfield>
         <subfield code="a">eng</subfield>
      </datafield>
      <datafield tag="043" ind1=" " ind2=" ">
         <subfield code="a">a-sy---</subfield>
         <subfield code="a">aw-----</subfield>
         <subfield code="a">a-iq---</subfield>
         <subfield code="a">a-tu---</subfield>
      </datafield>
      <datafield tag="050" ind1=" " ind2="4">
         <subfield code="a">PJ3211</subfield>
         <subfield code="b">.D49 2015</subfield>
      </datafield>
      <datafield tag="050" ind1=" " ind2="4">
         <subfield code="a">PJ3721.U4</subfield>
         <subfield code="b">D495 2015</subfield>
      </datafield>
      <datafield tag="082" ind1=" " ind2="4">
         <subfield code="a">[E]</subfield>
      </datafield>
      <datafield tag="245" ind1="0" ind2="0">
         <subfield code="a">Devins et lettrés dans l'orbite de Babylone :</subfield>
         <subfield code="b">travaux réalisés dans le cadre du projet ANR Mespériph 2007-2011 /</subfield>
         <subfield code="c">sous la direction de Carole Roche-Hawley, Robert Hawley.</subfield>
      </datafield>
      <datafield tag="264" ind1=" " ind2="1">
         <subfield code="a">Paris :</subfield>
         <subfield code="b">Éditions De Boccard,</subfield>
         <subfield code="c">2015.</subfield>
      </datafield>
      <datafield tag="300" ind1=" " ind2=" ">
         <subfield code="a">313 pages :</subfield>
         <subfield code="b">illustrations, maps ;</subfield>
         <subfield code="c">30 cm.</subfield>
      </datafield>
      <datafield tag="336" ind1=" " ind2=" ">
         <subfield code="a">text</subfield>
         <subfield code="b">txt</subfield>
         <subfield code="2">rdacontent</subfield>
      </datafield>
      <datafield tag="337" ind1=" " ind2=" ">
         <subfield code="a">unmediated</subfield>
         <subfield code="b">n</subfield>
         <subfield code="2">rdamedia</subfield>
      </datafield>
      <datafield tag="338" ind1=" " ind2=" ">
         <subfield code="a">volume</subfield>
         <subfield code="b">nc</subfield>
         <subfield code="2">rdacarrier</subfield>
      </datafield>
      <datafield tag="490" ind1="1" ind2=" ">
         <subfield code="a">Orient &amp; méditerranée ;</subfield>
         <subfield code="v">16</subfield>
      </datafield>
      <datafield tag="504" ind1=" " ind2=" ">
         <subfield code="a">Includes bibliographical references and index.</subfield>
      </datafield>
      <datafield tag="546" ind1=" " ind2=" ">
         <subfield code="a">9 contributions in French, 3 in English.</subfield>
      </datafield>
      <datafield tag="505" ind1="0" ind2="0">
         <subfield code="t">Tradition scribale mésopotamienne et pratiques locales.</subfield>
         <subfield code="t">Centre et périphérie : une perspective mésopotamienne /</subfield>
         <subfield code="r">Benjamin Foster --</subfield>
         <subfield code="t">Remarques sur les tablettes scolaires de Nuzi /</subfield>
         <subfield code="r">Brigitte Lion --</subfield>
         <subfield code="t">Miroir d'une transmission du Gilgameš akkadien en périphérie (2e partie) /</subfield>
         <subfield code="r">Stéphanie Anthonioz --</subfield>
         <subfield code="t">Mesopotamian cuneiform at Ugarit : learning versus using /</subfield>
         <subfield code="r">Carole Roche-Hawley --</subfield>
         <subfield code="t">On the transmission of knowledge and lore in the alphabetic tradition of Ugarit /</subfield>
         <subfield code="r">Robert Hawley --</subfield>
         <subfield code="t">On the junipers of Ugarit : Part 2, The word diprānu and the genus Juniperus /</subfield>
         <subfield code="r">Marie-Françoise Besnier, Philippe Boutrolle, Claude Chanut &amp; Robert Hawley.</subfield>
         <subfield code="t">Scribes d'Ougarit et du Ḫatti.</subfield>
         <subfield code="t">Le rôle singulier des traits séparatifs dans l'Hymne à Nikkal /</subfield>
         <subfield code="r">Jean-Marie Marin --</subfield>
         <subfield code="t">Nouvelle attestation de prln "devin" en ougaritique /</subfield>
         <subfield code="r">Dennis Pardee --</subfield>
         <subfield code="t">RS 17.028, une tablette corrigée-- et revue /</subfield>
         <subfield code="r">Françoise Ernst-Pradal --</subfield>
         <subfield code="t">La polyvalence des scribes d'Anatolie hittite et d'Ougarit /</subfield>
         <subfield code="r">Alice Mouton &amp; Carole Roche-Hawley.</subfield>
         <subfield code="t">Sciences divinatoires mésopotamiennes et pratiques locales.</subfield>
         <subfield code="t">Hépatoscopie à Ḫattuša /</subfield>
         <subfield code="r">Alice Mouton --</subfield>
         <subfield code="t">Diffusion et transmission de la série šumma izbu : les textes de la "périphérie" au Bronze récent /</subfield>
         <subfield code="r">Marie-Françoise Besnier.</subfield>
      </datafield>
      <datafield tag="650" ind1=" " ind2="0">
         <subfield code="a">Akkadian language</subfield>
         <subfield code="z">Syria</subfield>
         <subfield code="z">Ugarit (Extinct city)</subfield>
         <subfield code="v">Texts.</subfield>
      </datafield>
      <datafield tag="650" ind1=" " ind2="0">
         <subfield code="a">Akkadian language</subfield>
         <subfield code="v">Texts.</subfield>
      </datafield>
      <datafield tag="650" ind1=" " ind2="0">
         <subfield code="a">Divination</subfield>
         <subfield code="z">Middle East.</subfield>
      </datafield>
      <datafield tag="650" ind1=" " ind2="0">
         <subfield code="a">Scribes</subfield>
         <subfield code="z">Iraq</subfield>
         <subfield code="z">Babylonia.</subfield>
      </datafield>
      <datafield tag="650" ind1=" " ind2="0">
         <subfield code="a">Scribes</subfield>
         <subfield code="z">Syria</subfield>
         <subfield code="z">Ugarit (Extinct city)</subfield>
      </datafield>
      <datafield tag="650" ind1=" " ind2="0">
         <subfield code="a">Scribes</subfield>
         <subfield code="z">Turkey</subfield>
         <subfield code="z">Boğazköy.</subfield>
      </datafield>
      <datafield tag="650" ind1=" " ind2="0">
         <subfield code="a">Cuneiform tablets</subfield>
         <subfield code="z">Middle East.</subfield>
      </datafield>
      <datafield tag="650" ind1=" " ind2="0">
         <subfield code="a">Cuneiform writing</subfield>
         <subfield code="x">History.</subfield>
      </datafield>
      <datafield tag="651" ind1=" " ind2="0">
         <subfield code="a">Middle East</subfield>
         <subfield code="x">Antiquities.</subfield>
      </datafield>
      <datafield tag="651" ind1=" " ind2="7">
         <subfield code="a">Leukos Limen.</subfield>
         <subfield code="2">pleiades</subfield>
         <subfield code="0">https://pleiades.stoa.org/places/668295</subfield>
      </datafield>
      <datafield tag="651" ind1=" " ind2="7">
         <subfield code="a">Hattusa.</subfield>
         <subfield code="2">pleiades</subfield>
         <subfield code="0">https://pleiades.stoa.org/places/283602441</subfield>
      </datafield>
      <datafield tag="650" ind1=" " ind2="7">
         <subfield code="a">Bronzezeit.</subfield>
         <subfield code="0">(DE-588)4008357-3</subfield>
         <subfield code="2">gnd</subfield>
      </datafield>
      <datafield tag="650" ind1=" " ind2="7">
         <subfield code="a">Keilschrifttext.</subfield>
         <subfield code="0">(DE-588)4130946-7</subfield>
         <subfield code="2">gnd</subfield>
      </datafield>
      <datafield tag="650" ind1=" " ind2="7">
         <subfield code="a">Wissensvermittlung.</subfield>
         <subfield code="0">(DE-588)4190121-6</subfield>
         <subfield code="2">gnd</subfield>
      </datafield>
      <datafield tag="650" ind1=" " ind2="7">
         <subfield code="a">Wahrsagen.</subfield>
         <subfield code="0">(DE-588)4079012-5</subfield>
         <subfield code="2">gnd</subfield>
      </datafield>
      <datafield tag="651" ind1=" " ind2="7">
         <subfield code="a">Alter Orient.</subfield>
         <subfield code="0">(DE-588)4001451-4</subfield>
         <subfield code="2">gnd</subfield>
      </datafield>
      <datafield tag="655" ind1=" " ind2="7">
         <subfield code="a">Texts.</subfield>
         <subfield code="2">fast</subfield>
         <subfield code="0">(OCoLC)fst01423705</subfield>
      </datafield>
      <datafield tag="700" ind1="1" ind2=" ">
         <subfield code="a">Roche, Carole.</subfield>
      </datafield>
      <datafield tag="700" ind1="1" ind2=" ">
         <subfield code="a">Hawley, Robert.</subfield>
      </datafield>
      <datafield tag="830" ind1=" " ind2="0">
         <subfield code="a">Orient &amp; méditerranée ;</subfield>
         <subfield code="v">16.</subfield>
      </datafield>
      <datafield tag="994" ind1=" " ind2=" ">
         <subfield code="a">Z0</subfield>
         <subfield code="b">ZYU</subfield>
      </datafield>
      <datafield tag="OWN" ind1=" " ind2=" ">
         <subfield code="a">GENERAL</subfield>
      </datafield>
      <datafield tag="AVA" ind1=" " ind2=" ">
         <subfield code="a">NYU50</subfield>
         <subfield code="b">NISAW</subfield>
         <subfield code="c">Large Collection</subfield>
         <subfield code="d">PJ3211 .D49 2015 Non-circulating</subfield>
         <subfield code="e">available</subfield>
         <subfield code="t">Available</subfield>
         <subfield code="f">1</subfield>
         <subfield code="g">0</subfield>
         <subfield code="h">N</subfield>
         <subfield code="i">0</subfield>
         <subfield code="j">LARGE</subfield>
         <subfield code="k">0</subfield>
      </datafield>
      <marc:datafield tag="852" ind1=" " ind2=" ">
         <marc:subfield code="b">Institute for the Study of the Ancient World, </marc:subfield>
         <marc:subfield code="c">Large Collection</marc:subfield>
         <marc:subfield code="e">15 East 84th St., </marc:subfield>
         <marc:subfield code="e">New York, NY  10028</marc:subfield>
      </marc:datafield>
   </record>