
  
  
  
  
  
  
  
  
  
  
 
  
  <record xsi:schemaLocation="http://www.loc.gov/MARC21/slim http://www.loc.gov/standards/marcxml/schema/MARC21slim.xsd">
      <leader>00000cam a22005051a 4500</leader>
      <controlfield tag="FMT">BK</controlfield>
      <controlfield tag="LDR">00000cam a22005051a 4500</controlfield>
      <controlfield tag="001">004950557</controlfield>
      <controlfield tag="003">OCoLC</controlfield>
      <controlfield tag="005">20170508122936.0</controlfield>
      <controlfield tag="008">170406m19569999bu a          000 0 grc</controlfield>
      <datafield tag="010" ind1=" " ind2=" ">
         <subfield code="a">58027558</subfield>
      </datafield>
      <datafield tag="016" ind1="7" ind2=" ">
         <subfield code="a">002488821</subfield>
         <subfield code="2">Uk</subfield>
      </datafield>
      <datafield tag="035" ind1=" " ind2=" ">
         <subfield code="a">(OCoLC)629996</subfield>
      </datafield>
      <datafield tag="040" ind1=" " ind2=" ">
         <subfield code="a">DLC</subfield>
         <subfield code="b">eng</subfield>
         <subfield code="c">KSU</subfield>
         <subfield code="d">DLC</subfield>
         <subfield code="d">LVB</subfield>
         <subfield code="d">STF</subfield>
         <subfield code="d">HCH</subfield>
         <subfield code="d">UKMGB</subfield>
         <subfield code="d">OCLCF</subfield>
         <subfield code="d">OCLCQ</subfield>
         <subfield code="d">OCLCO</subfield>
         <subfield code="d">ZYU</subfield>
      </datafield>
      <datafield tag="041" ind1="0" ind2=" ">
         <subfield code="a">grc</subfield>
         <subfield code="a">lat</subfield>
      </datafield>
      <datafield tag="043" ind1=" " ind2=" ">
         <subfield code="a">e-bu---</subfield>
      </datafield>
      <datafield tag="050" ind1="0" ind2="0">
         <subfield code="a">CN398.B8</subfield>
         <subfield code="b">M52</subfield>
      </datafield>
      <datafield tag="100" ind1="1" ind2=" ">
         <subfield code="a">Mikhaĭlov, Georgi,</subfield>
         <subfield code="d">1915-1991,</subfield>
         <subfield code="e">editor.</subfield>
      </datafield>
      <datafield tag="245" ind1="1" ind2="0">
         <subfield code="6">880-01</subfield>
         <subfield code="a">Inscriptiones Graecae in Bulgaria repertae /</subfield>
         <subfield code="c">edidit Georgius Mihailov = Grŭt͡skite nadpisi namereni v Bŭlgarii͡a / ot Georgi Mikhaĭlov.</subfield>
      </datafield>
      <datafield tag="246" ind1="1" ind2="5">
         <subfield code="6">880-02</subfield>
         <subfield code="a">Grŭt͡skite nadpisi namereni v Bŭlgarii͡a</subfield>
      </datafield>
      <datafield tag="260" ind1=" " ind2=" ">
         <subfield code="a">Serdicae :</subfield>
         <subfield code="b">In Aedibus Typog. Academiae Litterarum Bulgaricae,</subfield>
         <subfield code="c">1956-&lt;1997&gt;</subfield>
      </datafield>
      <datafield tag="300" ind1=" " ind2=" ">
         <subfield code="a">volumes &lt;1-5&gt; :</subfield>
         <subfield code="b">illustrations ;</subfield>
         <subfield code="c">25 cm.</subfield>
      </datafield>
      <datafield tag="336" ind1=" " ind2=" ">
         <subfield code="a">text</subfield>
         <subfield code="b">txt</subfield>
         <subfield code="2">rdacontent</subfield>
      </datafield>
      <datafield tag="336" ind1=" " ind2=" ">
         <subfield code="a">still image</subfield>
         <subfield code="b">sti</subfield>
         <subfield code="2">rdacontent</subfield>
      </datafield>
      <datafield tag="337" ind1=" " ind2=" ">
         <subfield code="a">unmediated</subfield>
         <subfield code="b">n</subfield>
         <subfield code="2">rdamedia</subfield>
      </datafield>
      <datafield tag="338" ind1=" " ind2=" ">
         <subfield code="a">volume</subfield>
         <subfield code="b">nc</subfield>
         <subfield code="2">rdacarrier</subfield>
      </datafield>
      <datafield tag="490" ind1="1" ind2=" ">
         <subfield code="a">Academia Litterarum Bulgarica. Institutum Archaeologicum. Series epigraphica,</subfield>
         <subfield code="v">no. 2, 5-7, 9</subfield>
      </datafield>
      <datafield tag="500" ind1=" " ind2=" ">
         <subfield code="a">Vols. 1- have added title pages in Bulgarian.</subfield>
      </datafield>
      <datafield tag="505" ind1="0" ind2="0">
         <subfield code="g">v. 1.</subfield>
         <subfield code="t">Inscriptiones orae ponti Euxiniv.</subfield>
         <subfield code="g">1st ed., 1956. 2nd corrected ed., 1970 --</subfield>
         <subfield code="g">v. 2.</subfield>
         <subfield code="t">Inscriptiones inter Danubium et Haemum repertae --</subfield>
         <subfield code="g">v. 3.</subfield>
         <subfield code="t">Inscriptiones inter Haemum et Rhodopem repertae.</subfield>
         <subfield code="g">fasc 1.</subfield>
         <subfield code="t">Territorium Philippopolis ;</subfield>
         <subfield code="g">fasc. 2.</subfield>
         <subfield code="t">Territorio Philippopolitano usque ad oram ponticam --</subfield>
         <subfield code="g">v. 4.</subfield>
         <subfield code="t">Inscriptiones in territorio Serdicensi et in Vallibus Strymonis nestique repertae --</subfield>
         <subfield code="g">v. 5.</subfield>
         <subfield code="t">Inscriptiones novae, addenda et corrigenda /</subfield>
         <subfield code="r">edidit Georgius Mihailov.</subfield>
      </datafield>
      <datafield tag="650" ind1=" " ind2="0">
         <subfield code="a">Inscriptions, Greek</subfield>
         <subfield code="z">Bulgaria.</subfield>
      </datafield>
      <datafield tag="650" ind1=" " ind2="6">
         <subfield code="a">Inscriptions grecques</subfield>
         <subfield code="z">Bulgarie.</subfield>
      </datafield>
      <datafield tag="650" ind1=" " ind2="7">
         <subfield code="a">Inscriptions, Greek.</subfield>
         <subfield code="2">fast</subfield>
         <subfield code="0">(OCoLC)fst00973878</subfield>
      </datafield>
      <datafield tag="651" ind1=" " ind2="7">
         <subfield code="a">Bulgaria.</subfield>
         <subfield code="2">fast</subfield>
         <subfield code="0">(OCoLC)fst01212489</subfield>
      </datafield>
      <datafield tag="776" ind1="0" ind2="8">
         <subfield code="i">Online version:</subfield>
         <subfield code="a">Mikhaĭlov, Georgi, 1915-</subfield>
         <subfield code="t">Inscriptiones Graecae in Bulgaria repertae.</subfield>
         <subfield code="d">Serdicae, In Aedibus Typog. Academiae Litterarum Bulgaricae, 1956-</subfield>
         <subfield code="w">(OCoLC)698048841</subfield>
      </datafield>
      <datafield tag="880" ind1="1" ind2="0">
         <subfield code="6">245-01/</subfield>
         <subfield code="a">Inscriptiones Graecae in Bulgaria repertae /</subfield>
         <subfield code="c">edidit Georgius Mihailov = Гръцките надписи намерени в България / от Георги Михайлов.</subfield>
      </datafield>
      <datafield tag="880" ind1="1" ind2="5">
         <subfield code="6">246-02/</subfield>
         <subfield code="a">Гръцките надписи намерени в България</subfield>
      </datafield>
      <datafield tag="830" ind1=" " ind2="0">
         <subfield code="a">Epigrafska poredit͡sa ;</subfield>
         <subfield code="v">no. 2.</subfield>
      </datafield>
      <datafield tag="830" ind1=" " ind2="0">
         <subfield code="a">Epigrafska poredit͡sa ;</subfield>
         <subfield code="v">no. 5.</subfield>
      </datafield>
      <datafield tag="830" ind1=" " ind2="0">
         <subfield code="a">Epigrafska poredit͡sa ;</subfield>
         <subfield code="v">no. 6.</subfield>
      </datafield>
      <datafield tag="830" ind1=" " ind2="0">
         <subfield code="a">Epigrafska poredit͡sa ;</subfield>
         <subfield code="v">no. 7.</subfield>
      </datafield>
      <datafield tag="830" ind1=" " ind2="0">
         <subfield code="a">Epigrafska poredit͡sa ;</subfield>
         <subfield code="v">no. 9.</subfield>
      </datafield>
      <datafield tag="830" ind1=" " ind2="0">
         <subfield code="a">Epigrafska poredit͡sa ;</subfield>
         <subfield code="v">no. 10.</subfield>
      </datafield>
      <datafield tag="994" ind1=" " ind2=" ">
         <subfield code="a">Z0</subfield>
         <subfield code="b">ZYU</subfield>
      </datafield>
      <datafield tag="OWN" ind1=" " ind2=" ">
         <subfield code="a">GENERAL</subfield>
      </datafield>
      <datafield tag="AVA" ind1=" " ind2=" ">
         <subfield code="a">NYU50</subfield>
         <subfield code="b">NISAW</subfield>
         <subfield code="c">Small Collection</subfield>
         <subfield code="d">CN398.B8 M52 Non-circulating</subfield>
         <subfield code="e">available</subfield>
         <subfield code="t">Available</subfield>
         <subfield code="f">6</subfield>
         <subfield code="g">0</subfield>
         <subfield code="h">Y</subfield>
         <subfield code="i">0</subfield>
         <subfield code="j">SMALL</subfield>
         <subfield code="k">0</subfield>
      </datafield>
      <marc:datafield tag="852" ind1=" " ind2=" ">
         <marc:subfield code="b">Institute for the Study of the Ancient World, </marc:subfield>
         <marc:subfield code="c">Small Collection</marc:subfield>
         <marc:subfield code="e">15 East 84th St., </marc:subfield>
         <marc:subfield code="e">New York, NY  10028</marc:subfield>
      </marc:datafield>
   </record>