
  
  
  
  
  
  
  
  
  
  
  
  
  
  
 
  
  <record xsi:schemaLocation="http://www.loc.gov/MARC21/slim http://www.loc.gov/standards/marcxml/schema/MARC21slim.xsd">
      <leader>00000cam a2200481Mi 4500</leader>
      <controlfield tag="FMT">BK</controlfield>
      <controlfield tag="LDR">00000cam a2200481Mi 4500</controlfield>
      <controlfield tag="001">004950678</controlfield>
      <controlfield tag="003">OCoLC</controlfield>
      <controlfield tag="005">20170502144013.0</controlfield>
      <controlfield tag="008">170206t20162016enkab    b    100 0 eng d</controlfield>
      <datafield tag="020" ind1=" " ind2=" ">
         <subfield code="a">1784915300</subfield>
         <subfield code="q">paperback</subfield>
      </datafield>
      <datafield tag="020" ind1=" " ind2=" ">
         <subfield code="a">9781784915308</subfield>
         <subfield code="q">paperback</subfield>
      </datafield>
      <datafield tag="020" ind1=" " ind2=" ">
         <subfield code="z">9781784915315</subfield>
         <subfield code="q">electronic book</subfield>
      </datafield>
      <datafield tag="035" ind1=" " ind2=" ">
         <subfield code="a">(OCoLC)978362916</subfield>
         <subfield code="z">(OCoLC)978717999</subfield>
         <subfield code="z">(OCoLC)978989058</subfield>
         <subfield code="z">(OCoLC)979265927</subfield>
         <subfield code="z">(OCoLC)979806582</subfield>
         <subfield code="z">(OCoLC)980122971</subfield>
         <subfield code="z">(OCoLC)980962173</subfield>
         <subfield code="z">(OCoLC)981902502</subfield>
      </datafield>
      <datafield tag="040" ind1=" " ind2=" ">
         <subfield code="a">YDX</subfield>
         <subfield code="b">eng</subfield>
         <subfield code="e">rda</subfield>
         <subfield code="c">YDX</subfield>
         <subfield code="d">OCLCO</subfield>
         <subfield code="d">ZYU</subfield>
      </datafield>
      <datafield tag="043" ind1=" " ind2=" ">
         <subfield code="a">e-ci---</subfield>
      </datafield>
      <datafield tag="050" ind1=" " ind2="4">
         <subfield code="a">DR1521</subfield>
         <subfield code="b">.C76 2016</subfield>
      </datafield>
      <datafield tag="082" ind1="0" ind2="4">
         <subfield code="a">949.72</subfield>
         <subfield code="2">23</subfield>
      </datafield>
      <datafield tag="245" ind1="0" ind2="0">
         <subfield code="a">Croatia at the crossroads :</subfield>
         <subfield code="b">a consideration of archaeological and historical connectivity : proceedings of a conference held at Europe House, Smith Square, London, 24-25 June 2013 to mark the accession of Croatia to the European Union /</subfield>
         <subfield code="c">edited by David Davison, Vince Gaffney, Preston Miracle and Jo Sofaer.</subfield>
      </datafield>
      <datafield tag="264" ind1=" " ind2="1">
         <subfield code="a">Oxford :</subfield>
         <subfield code="b">Archaeopress Publishing Ltd.,</subfield>
         <subfield code="c">[2016]</subfield>
      </datafield>
      <datafield tag="264" ind1=" " ind2="4">
         <subfield code="c">©2016</subfield>
      </datafield>
      <datafield tag="300" ind1=" " ind2=" ">
         <subfield code="a">vi, 271 pages :</subfield>
         <subfield code="b">illustrations (some color), maps ;</subfield>
         <subfield code="c">29 cm.</subfield>
      </datafield>
      <datafield tag="336" ind1=" " ind2=" ">
         <subfield code="a">text</subfield>
         <subfield code="b">txt</subfield>
         <subfield code="2">rdacontent</subfield>
      </datafield>
      <datafield tag="336" ind1=" " ind2=" ">
         <subfield code="a">still image</subfield>
         <subfield code="b">sti</subfield>
         <subfield code="2">rdacontent</subfield>
      </datafield>
      <datafield tag="336" ind1=" " ind2=" ">
         <subfield code="a">cartographic image</subfield>
         <subfield code="b">cri</subfield>
         <subfield code="2">rdacontent</subfield>
      </datafield>
      <datafield tag="337" ind1=" " ind2=" ">
         <subfield code="a">unmediated</subfield>
         <subfield code="b">n</subfield>
         <subfield code="2">rdamedia</subfield>
      </datafield>
      <datafield tag="338" ind1=" " ind2=" ">
         <subfield code="a">volume</subfield>
         <subfield code="b">nc</subfield>
         <subfield code="2">rdacarrier</subfield>
      </datafield>
      <datafield tag="490" ind1="1" ind2=" ">
         <subfield code="a">Archaeopress Archaeology</subfield>
      </datafield>
      <datafield tag="504" ind1=" " ind2=" ">
         <subfield code="a">Includes bibliographical references.</subfield>
      </datafield>
      <datafield tag="505" ind1="0" ind2="0">
         <subfield code="t">Interactions in the Old Stone Age : Possible Scenarios Using the Vindija Biological Evidence /</subfield>
         <subfield code="r">Ivor Janković and Fred H. Smith --</subfield>
         <subfield code="t">Contacts and Connections in Late Middle and Early Upper Palaeolithic Croatia /</subfield>
         <subfield code="r">Ivor Karavanić --</subfield>
         <subfield code="t">Adriatic Connections : Exploring Relationships from the Middle Palaeolithic to the Mesolithic /</subfield>
         <subfield code="r">Dario Vujević --</subfield>
         <subfield code="t">The Mesolithic in Croatia /</subfield>
         <subfield code="r">Darko Komšo --</subfield>
         <subfield code="t">The Development of Eneolithic Cultures Between the Sava and Drava Rivers /</subfield>
         <subfield code="r">Jacqueline Balen --</subfield>
         <subfield code="t">Croatia and the Crossroads of Early Greek Seafarers /</subfield>
         <subfield code="r">Helena Tomas --</subfield>
         <subfield code="t">Multiculturalists Before We Knew It : Keeping Pace with Bronze Age Trends /</subfield>
         <subfield code="r">Sanjin Mihelić --</subfield>
         <subfield code="t">Clay Birds as Religious Objects and Works of Craft in the Bronze Age and the Early Iron Age of the Balkans and the Carpathian Basin /</subfield>
         <subfield code="r">Darko Maričević --</subfield>
         <subfield code="t">The Princes of the Crossroads : The Early Iron Age in Northern Croatia /</subfield>
         <subfield code="r">Hrvoje Potrebica --</subfield>
         <subfield code="t">Indigenous Pottery in Dalmatia During the Last Millennium BC /</subfield>
         <subfield code="r">Vedran Barbarić --</subfield>
         <subfield code="t">Salona and the Sea : Some Observations /</subfield>
         <subfield code="r">Branko Kirigin --</subfield>
         <subfield code="t">Interaction Between Incomers and Autochthons on Roman Funerary Stones from the Croatian Region of Pannonia (1st-4th Centuries) /</subfield>
         <subfield code="r">Branka Migotti --</subfield>
         <subfield code="t">Immigrants from Other Areas of the Roman Empire Documented on Siscia Lead Tags /</subfield>
         <subfield code="r">Ivan Radman-Livaja --</subfield>
         <subfield code="t">New Knowledge on Certain Early Christian Dioceses in the Eastern Adriatic Region /</subfield>
         <subfield code="r">Ante Škegro --</subfield>
         <subfield code="t">The K-type Sword from Koljane in Dalmatia as Possible Evidence for the Arrival of Croats at the End of the 8th Century /</subfield>
         <subfield code="r">Ante Milošević --</subfield>
         <subfield code="t">The Gnalić Shipwreck : Microcosm of the Late Renaissance World /</subfield>
         <subfield code="r">Irena Radić Rossi, Mariangela Nicolardi and Katarina Batur --</subfield>
         <subfield code="t">Weapons of the Military Frontier in Croatia from the End of the 17th to the End of the 19th Century : Combat Equipment and Emblems of Rank /</subfield>
         <subfield code="r">Dora Bošković.</subfield>
      </datafield>
      <datafield tag="651" ind1=" " ind2="0">
         <subfield code="a">Croatia</subfield>
         <subfield code="x">History</subfield>
         <subfield code="v">Congresses.</subfield>
      </datafield>
      <datafield tag="651" ind1=" " ind2="0">
         <subfield code="a">Croatia</subfield>
         <subfield code="x">Antiquities</subfield>
         <subfield code="v">Congresses.</subfield>
      </datafield>
      <datafield tag="650" ind1=" " ind2="0">
         <subfield code="a">Excavations (Archaeology)</subfield>
         <subfield code="z">Croatia</subfield>
         <subfield code="v">Congresses.</subfield>
      </datafield>
      <datafield tag="700" ind1="1" ind2=" ">
         <subfield code="a">Davison, David,</subfield>
         <subfield code="e">editor.</subfield>
      </datafield>
      <datafield tag="700" ind1="1" ind2=" ">
         <subfield code="a">Gaffney, Vincent L.,</subfield>
         <subfield code="e">editor.</subfield>
      </datafield>
      <datafield tag="700" ind1="1" ind2=" ">
         <subfield code="a">Miracle, Preston T.,</subfield>
         <subfield code="e">editor.</subfield>
      </datafield>
      <datafield tag="700" ind1="1" ind2=" ">
         <subfield code="a">Sofaer, Joanna R.,</subfield>
         <subfield code="e">editor.</subfield>
      </datafield>
      <datafield tag="711" ind1="2" ind2=" ">
         <subfield code="a">Croatia at the Crossroads (Conference)</subfield>
         <subfield code="d">2013 :</subfield>
         <subfield code="c">Europe House, London),</subfield>
         <subfield code="j">creator.</subfield>
      </datafield>
      <datafield tag="830" ind1=" " ind2="0">
         <subfield code="a">Archaeopress archaeology.</subfield>
      </datafield>
      <datafield tag="994" ind1=" " ind2=" ">
         <subfield code="a">Z0</subfield>
         <subfield code="b">ZYU</subfield>
      </datafield>
      <datafield tag="OWN" ind1=" " ind2=" ">
         <subfield code="a">GENERAL</subfield>
      </datafield>
      <datafield tag="AVA" ind1=" " ind2=" ">
         <subfield code="a">NYU50</subfield>
         <subfield code="b">NISAW</subfield>
         <subfield code="c">Large Collection</subfield>
         <subfield code="d">DR1521 .C76 2016 Non-circulating</subfield>
         <subfield code="e">available</subfield>
         <subfield code="t">Available</subfield>
         <subfield code="f">1</subfield>
         <subfield code="g">0</subfield>
         <subfield code="h">N</subfield>
         <subfield code="i">0</subfield>
         <subfield code="j">LARGE</subfield>
         <subfield code="k">0</subfield>
      </datafield>
      <marc:datafield tag="852" ind1=" " ind2=" ">
         <marc:subfield code="b">Institute for the Study of the Ancient World, </marc:subfield>
         <marc:subfield code="c">Large Collection</marc:subfield>
         <marc:subfield code="e">15 East 84th St., </marc:subfield>
         <marc:subfield code="e">New York, NY  10028</marc:subfield>
      </marc:datafield>
   </record>