
  
  
  
  
  
  
  
  
  
  
  
 
  
  <record xsi:schemaLocation="http://www.loc.gov/MARC21/slim http://www.loc.gov/standards/marcxml/schema/MARC21slim.xsd">
      <leader>00000cam a2201021Ia 4500</leader>
      <controlfield tag="FMT">BK</controlfield>
      <controlfield tag="LDR">00000cam a2201021Ia 4500</controlfield>
      <controlfield tag="001">004950535</controlfield>
      <controlfield tag="003">OCoLC</controlfield>
      <controlfield tag="005">20170406095547.0</controlfield>
      <controlfield tag="008">110921s2011    enk           000 0 eng d</controlfield>
      <datafield tag="020" ind1=" " ind2=" ">
         <subfield code="a">9781108028493</subfield>
      </datafield>
      <datafield tag="020" ind1=" " ind2=" ">
         <subfield code="a">1108028497</subfield>
      </datafield>
      <datafield tag="020" ind1=" " ind2=" ">
         <subfield code="a">9781108028264</subfield>
         <subfield code="q">(v. 1 ;</subfield>
         <subfield code="q">pbk.)</subfield>
      </datafield>
      <datafield tag="020" ind1=" " ind2=" ">
         <subfield code="a">1108028268</subfield>
         <subfield code="q">(v. 1 ;</subfield>
         <subfield code="q">pbk.)</subfield>
      </datafield>
      <datafield tag="020" ind1=" " ind2=" ">
         <subfield code="a">9781108028271</subfield>
         <subfield code="q">(v. 2 ;</subfield>
         <subfield code="q">pbk.)</subfield>
      </datafield>
      <datafield tag="020" ind1=" " ind2=" ">
         <subfield code="a">1108028276</subfield>
         <subfield code="q">(v. 2 ;</subfield>
         <subfield code="q">pbk.)</subfield>
      </datafield>
      <datafield tag="020" ind1=" " ind2=" ">
         <subfield code="a">9781108028318</subfield>
         <subfield code="q">(v. 3 ;</subfield>
         <subfield code="q">pbk.)</subfield>
      </datafield>
      <datafield tag="020" ind1=" " ind2=" ">
         <subfield code="a">1108028314</subfield>
         <subfield code="q">(v. 3 ;</subfield>
         <subfield code="q">pbk.)</subfield>
      </datafield>
      <datafield tag="020" ind1=" " ind2=" ">
         <subfield code="a">9781108028295</subfield>
         <subfield code="q">(v. 4 ;</subfield>
         <subfield code="q">pbk.)</subfield>
      </datafield>
      <datafield tag="020" ind1=" " ind2=" ">
         <subfield code="a">1108028292</subfield>
         <subfield code="q">(v. 4 ;</subfield>
         <subfield code="q">pbk.)</subfield>
      </datafield>
      <datafield tag="020" ind1=" " ind2=" ">
         <subfield code="a">9781108028301</subfield>
         <subfield code="q">(v. 5 ;</subfield>
         <subfield code="q">pbk.)</subfield>
      </datafield>
      <datafield tag="020" ind1=" " ind2=" ">
         <subfield code="a">1108028306</subfield>
         <subfield code="q">(v. 5 ;</subfield>
         <subfield code="q">pbk.)</subfield>
      </datafield>
      <datafield tag="020" ind1=" " ind2=" ">
         <subfield code="a">9781108028325</subfield>
         <subfield code="q">(v. 6 ;</subfield>
         <subfield code="q">pbk.)</subfield>
      </datafield>
      <datafield tag="020" ind1=" " ind2=" ">
         <subfield code="a">1108028322</subfield>
         <subfield code="q">(v. 6 ;</subfield>
         <subfield code="q">pbk.)</subfield>
      </datafield>
      <datafield tag="020" ind1=" " ind2=" ">
         <subfield code="a">9781108028332</subfield>
         <subfield code="q">(v. 7 ;</subfield>
         <subfield code="q">pbk.)</subfield>
      </datafield>
      <datafield tag="020" ind1=" " ind2=" ">
         <subfield code="a">1108028330</subfield>
         <subfield code="q">(v. 7 ;</subfield>
         <subfield code="q">pbk.)</subfield>
      </datafield>
      <datafield tag="020" ind1=" " ind2=" ">
         <subfield code="a">9781108028349</subfield>
         <subfield code="q">(v. 8 ;</subfield>
         <subfield code="q">pbk.)</subfield>
      </datafield>
      <datafield tag="020" ind1=" " ind2=" ">
         <subfield code="a">1108028349</subfield>
         <subfield code="q">(v. 8 ;</subfield>
         <subfield code="q">pbk.)</subfield>
      </datafield>
      <datafield tag="020" ind1=" " ind2=" ">
         <subfield code="a">9781108028356</subfield>
         <subfield code="q">(v. 9 ;</subfield>
         <subfield code="q">pbk.)</subfield>
      </datafield>
      <datafield tag="020" ind1=" " ind2=" ">
         <subfield code="a">1108028357</subfield>
         <subfield code="q">(v. 9 ;</subfield>
         <subfield code="q">pbk.)</subfield>
      </datafield>
      <datafield tag="020" ind1=" " ind2=" ">
         <subfield code="a">9781108028363</subfield>
         <subfield code="q">(v. 10 ;</subfield>
         <subfield code="q">pbk.)</subfield>
      </datafield>
      <datafield tag="020" ind1=" " ind2=" ">
         <subfield code="a">1108028365</subfield>
         <subfield code="q">(v. 10 ;</subfield>
         <subfield code="q">pbk.)</subfield>
      </datafield>
      <datafield tag="020" ind1=" " ind2=" ">
         <subfield code="a">9781108028370</subfield>
         <subfield code="q">(v. 11 ;</subfield>
         <subfield code="q">pbk.)</subfield>
      </datafield>
      <datafield tag="020" ind1=" " ind2=" ">
         <subfield code="a">1108028373</subfield>
         <subfield code="q">(v. 11 ;</subfield>
         <subfield code="q">pbk.)</subfield>
      </datafield>
      <datafield tag="035" ind1=" " ind2=" ">
         <subfield code="a">(OCoLC)754711768</subfield>
      </datafield>
      <datafield tag="040" ind1=" " ind2=" ">
         <subfield code="a">ERASA</subfield>
         <subfield code="b">eng</subfield>
         <subfield code="c">ERASA</subfield>
         <subfield code="d">TJC</subfield>
         <subfield code="d">OCLCF</subfield>
         <subfield code="d">OCLCO</subfield>
         <subfield code="d">OCLCQ</subfield>
         <subfield code="d">YDXCP</subfield>
         <subfield code="d">ZYU</subfield>
      </datafield>
      <datafield tag="041" ind1="1" ind2=" ">
         <subfield code="a">lat</subfield>
         <subfield code="a">grc</subfield>
         <subfield code="h">grc</subfield>
      </datafield>
      <datafield tag="050" ind1=" " ind2="4">
         <subfield code="a">PA3995</subfield>
         <subfield code="b">.A2 2011</subfield>
      </datafield>
      <datafield tag="050" ind1=" " ind2="4">
         <subfield code="a">D51-95</subfield>
      </datafield>
      <datafield tag="082" ind1="0" ind2="4">
         <subfield code="a">930</subfield>
      </datafield>
      <datafield tag="100" ind1="0" ind2=" ">
         <subfield code="a">Galen.</subfield>
      </datafield>
      <datafield tag="240" ind1="1" ind2="0">
         <subfield code="a">Works.</subfield>
         <subfield code="l">Latin &amp; Greek.</subfield>
         <subfield code="f">2011</subfield>
      </datafield>
      <datafield tag="245" ind1="1" ind2="0">
         <subfield code="a">Claudii Galeni Opera Omnia /</subfield>
         <subfield code="c">edited by Karl Gottlob Kühn.</subfield>
      </datafield>
      <datafield tag="246" ind1="1" ind2="5">
         <subfield code="6">880-01</subfield>
         <subfield code="a">Klaudiou Galēnou hapanta</subfield>
      </datafield>
      <datafield tag="260" ind1=" " ind2=" ">
         <subfield code="a">Cambridge ;</subfield>
         <subfield code="a">New York :</subfield>
         <subfield code="b">Cambridge University Press,</subfield>
         <subfield code="c">2011.</subfield>
      </datafield>
      <datafield tag="300" ind1=" " ind2=" ">
         <subfield code="a">20 volumes in 22 ;</subfield>
         <subfield code="c">22 cm.</subfield>
      </datafield>
      <datafield tag="336" ind1=" " ind2=" ">
         <subfield code="a">text</subfield>
         <subfield code="b">txt</subfield>
         <subfield code="2">rdacontent</subfield>
      </datafield>
      <datafield tag="337" ind1=" " ind2=" ">
         <subfield code="a">unmediated</subfield>
         <subfield code="b">n</subfield>
         <subfield code="2">rdamedia</subfield>
      </datafield>
      <datafield tag="338" ind1=" " ind2=" ">
         <subfield code="a">volume</subfield>
         <subfield code="b">nc</subfield>
         <subfield code="2">rdacarrier</subfield>
      </datafield>
      <datafield tag="490" ind1="1" ind2=" ">
         <subfield code="a">Cambridge Library Collection, Classics</subfield>
      </datafield>
      <datafield tag="490" ind1="1" ind2=" ">
         <subfield code="a">Medicorum graecorum opera quae exstant ;</subfield>
         <subfield code="v">v. 1-20</subfield>
      </datafield>
      <datafield tag="546" ind1=" " ind2=" ">
         <subfield code="a">Text in Greek and Latin translation.</subfield>
      </datafield>
      <datafield tag="500" ind1=" " ind2=" ">
         <subfield code="a">Facsimile reprint. Originally published: Lipsiae : Prostat in officina libraria Car. Cnoblochii, 1821-1833.</subfield>
      </datafield>
      <datafield tag="500" ind1=" " ind2=" ">
         <subfield code="a">"This book reproduces the text of the original edition. The content and language reflect the beliefs, practices and terminology of their time, and have not been updated."--Title page verso.</subfield>
      </datafield>
      <datafield tag="520" ind1="8" ind2=" ">
         <subfield code="a">Galen (Claudius Galenus, 129-c. 199 CE) is the most famous physician of the Greco-Roman world whose writings have survived. A Greek from a wealthy family, raised and educated in the Greek city of Pergamon, he acquired his medical education by travelling widely in the Roman world, visiting the famous medical centres and studying with leading doctors. His career took him to Rome, where he was appointed by the emperor Marcus Aurelius as his personal physician; he also served succeeding emperors in this role. A huge corpus of writings on medicine which bear Galen's name has survived. The task of editing and publishing such a corpus, and of identifying the authentic Galenic texts within it, is a hugely challenging one, and the 22-volume edition reissued here, edited by Karl Gottlob Kühn (1754-1840) and published in Leipzig between 1821 and 1833, has never yet been equalled.</subfield>
      </datafield>
      <datafield tag="505" ind1="0" ind2="0">
         <subfield code="g">t. 1.</subfield>
         <subfield code="t">Historia literaria /</subfield>
         <subfield code="r">Jo. Chr. Gli. Ackermanno --</subfield>
         <subfield code="t">Galeni Adhortatio ad artes addiscendas --</subfield>
         <subfield code="t">De optima doctrina --</subfield>
         <subfield code="t">Quod optimus medicus fit quoque philosophus --</subfield>
         <subfield code="t">De sectis ad eos, qui introducuntur --</subfield>
         <subfield code="t">De optima secta ad Thrasybulum --</subfield>
         <subfield code="t">De constitutione artis medicae ad Patrophilum --</subfield>
         <subfield code="t">Ars medica --</subfield>
         <subfield code="t">De elementis ex Hippocrate--</subfield>
         <subfield code="t">De temperamentis.</subfield>
         <subfield code="g">t. 2.</subfield>
         <subfield code="t">De naturalibus facultatibus --</subfield>
         <subfield code="t">De anatomicis administrationibus --</subfield>
         <subfield code="t">De ossibus ad tirones --</subfield>
         <subfield code="t">De venarum arteriarumque dissectione --</subfield>
         <subfield code="t">De nervorum dissectione --</subfield>
         <subfield code="t">De instrumento odoratus --</subfield>
         <subfield code="t">De uteri dissectione.</subfield>
         <subfield code="g">t. 3.</subfield>
         <subfield code="t">De usu partium corporis humani, lib. I-XI --</subfield>
         <subfield code="g">t. 4.</subfield>
         <subfield code="t">De usu partiumcorporis humani, lib. XI-XVII --</subfield>
         <subfield code="t">De motu musculorum --</subfield>
         <subfield code="t">De causis respirationis --</subfield>
         <subfield code="t">De utilitate respirationis --</subfield>
         <subfield code="t">De semine --</subfield>
         <subfield code="t">De foetuum formatione --</subfield>
         <subfield code="t">An in arteriis sanguis contineatur --</subfield>
         <subfield code="t">De optima corporis nostri constitutione --</subfield>
         <subfield code="t">De bono habitu --</subfield>
         <subfield code="t">De substantia facultatum naturalium --</subfield>
         <subfield code="t">Quod animi mores corporis temperamenta sequuntur.</subfield>
         <subfield code="g">t. 5.</subfield>
         <subfield code="t">De cognoscendis curandisque animi morbis --</subfield>
         <subfield code="t">De cujuslibet animi peccatorum dignotione et medela --</subfield>
         <subfield code="t">De atra bile --</subfield>
         <subfield code="t">De usu pulsuum --</subfield>
         <subfield code="t">De Hippocratis et Platonis decretis --</subfield>
         <subfield code="t">Utrum medicinae, an gymnastices hygiene? --</subfield>
         <subfield code="t">De parvae pilae exercitio --</subfield>
         <subfield code="t">De venereis.</subfield>
         <subfield code="g">t. 6.</subfield>
         <subfield code="t">De sanitate tuenda --</subfield>
         <subfield code="t">De alimentorum facultatibus --</subfield>
         <subfield code="t">De probis pravisque alimentorum succis --</subfield>
         <subfield code="t">De ptisana --</subfield>
         <subfield code="t">De dignotione ex insomniis --</subfield>
         <subfield code="t">De morborum differentiis.</subfield>
         <subfield code="g">t. 7.</subfield>
         <subfield code="t">De causis morborum --</subfield>
         <subfield code="t">De symptomatum differentiis --</subfield>
         <subfield code="t">De symptomatum causis --</subfield>
         <subfield code="t">De febrium differentiis --</subfield>
         <subfield code="t">De morborum temporibus --</subfield>
         <subfield code="t">De totius morbi temporibus --</subfield>
         <subfield code="t">De typis --</subfield>
         <subfield code="t">Adversus eos, qui de typis scripserunt --</subfield>
         <subfield code="t">De plenitudine --</subfield>
         <subfield code="t">De tremore, palpitatione, convulsione et rigore --</subfield>
         <subfield code="t">De comate secundum Hippocratem --</subfield>
         <subfield code="t">De marcore --</subfield>
         <subfield code="t">De tumoribus praeter naturam --</subfield>
         <subfield code="t">De inaequali intemperie --</subfield>
         <subfield code="t">De difficultate respirationis.</subfield>
      </datafield>
      <datafield tag="505" ind1="8" ind2="0">
         <subfield code="g">t. 8.</subfield>
         <subfield code="t">De locis affectis --</subfield>
         <subfield code="t">De pulsibus libellus ad tirones --</subfield>
         <subfield code="t">De differentia pulsuum --</subfield>
         <subfield code="t">De dignoscendis pulsibus.</subfield>
         <subfield code="g">t. 9.</subfield>
         <subfield code="t">De causis pulsuum --</subfield>
         <subfield code="t">De praesagitione ex pulsibus --</subfield>
         <subfield code="t">Synopsis librorum de pulsibus --</subfield>
         <subfield code="t">De crisibus --</subfield>
         <subfield code="t">De diebus decretoriis.</subfield>
         <subfield code="g">t. 10.</subfield>
         <subfield code="t">De methodo medendi.</subfield>
         <subfield code="g">t. 11.</subfield>
         <subfield code="t">Ad Glauconem de medendi methodo --</subfield>
         <subfield code="t">De venae sectione adversus Erasistratum --</subfield>
         <subfield code="t">De simplicium medicamentorum temperamentis ac facultatibus, lib. I-VI.</subfield>
         <subfield code="g">t. 12.</subfield>
         <subfield code="t">De simplicium medicamentorum temperamentis ac facultatibus, lib. VII-XI --</subfield>
         <subfield code="t">De compositione medicamentorum secundum locos, lib. I-VI.</subfield>
         <subfield code="g">t. 13.</subfield>
         <subfield code="t">De compositione medicamentorum secundum locos, lib. VII-X --</subfield>
         <subfield code="t">De compositione medicamentorum par genera.</subfield>
         <subfield code="g">t. 14.</subfield>
         <subfield code="t">De antidotis --</subfield>
         <subfield code="t">De theriaca ad Pisonem --</subfield>
         <subfield code="t">De theriaca ad Pamphilianum --</subfield>
         <subfield code="t">De remediis parabilibus --</subfield>
         <subfield code="t">De sophismatis seu captionibus penes dictionem --</subfield>
         <subfield code="t">De praenotione ad Posthumum --</subfield>
         <subfield code="t">Introductio, seu medicus, Galeno adscriptus.</subfield>
         <subfield code="g">t. 15.</subfield>
         <subfield code="t">Galeni in Hippocratem de natura hominis commentarius --</subfield>
         <subfield code="t">Galeni in Hippocratem vel Polybi de salubri victus ratione --</subfield>
         <subfield code="t">Galeni in Hippocratem de alimento --</subfield>
         <subfield code="t">Galeni in Hippocratem de acutorum morborum victu.</subfield>
         <subfield code="g">t. 16.</subfield>
         <subfield code="t">Galeni comm. I-III in Hippocratem de humoribus --</subfield>
         <subfield code="t">Galeni comm. I-III in Hippocratecm praedictionum.</subfield>
         <subfield code="g">t. 17, pars 1.</subfield>
         <subfield code="t">Galeni comment. in Hippocratis lib. de epidemiis.</subfield>
         <subfield code="g">t. 17, pars 2.</subfield>
         <subfield code="t">Galeni in Hippocratem epidemis lib. VI comm III-VI --</subfield>
         <subfield code="t">Galeni comm. I-V in Hippocratem aphorismos.</subfield>
         <subfield code="g">t.18, pars 1.</subfield>
         <subfield code="t">Hippocratis aphorismi et Galeni in eos commentarii --</subfield>
         <subfield code="t">Galeni adversus Lycum --</subfield>
         <subfield code="t">Galeni adversus ea, quae Juliano in Hippocratis aphorismos enunciata sunt</subfield>
         <subfield code="t">Hippocratis de articulis liber et Galeni in eum commentarii quatuor --</subfield>
         <subfield code="t">Galeni de fasciis --</subfield>
         <subfield code="t">Ex Galeni commentariis de fasciis.</subfield>
      </datafield>
      <datafield tag="505" ind1="8" ind2="0">
         <subfield code="g">t. 18, pars 2.</subfield>
         <subfield code="t">Hippocratis prognosticon et Galeni in eum librum commentarius --</subfield>
         <subfield code="t">Hippocratis de fracturis et Galeni in eum librum commentarius --</subfield>
         <subfield code="t">Hippocratis de medici officina liber et Galeni in eum commentarius --</subfield>
         <subfield code="t">Galeni comm. de musculorum dissectione ad tirones.</subfield>
         <subfield code="g">t. 19.</subfield>
         <subfield code="t">Quomodo simulantes morbum deprehendendi --</subfield>
         <subfield code="t">De libris propriis --</subfield>
         <subfield code="t">De ordine librorum --</subfield>
         <subfield code="t">Glossarium --</subfield>
         <subfield code="t">An animal sit, quod in utero geritur --</subfield>
         <subfield code="t">De victus ratione in morbis acutis --</subfield>
         <subfield code="t">De philosophica historia --</subfield>
         <subfield code="t">Definitiones medicae --</subfield>
         <subfield code="t">Quod qualitates incorporeae --</subfield>
         <subfield code="t">De humoribus --</subfield>
         <subfield code="t">De praenotione --</subfield>
         <subfield code="t">Praesagitio omnino vera et experta --</subfield>
         <subfield code="t">De venae sectione --</subfield>
         <subfield code="t">Prognostica de decubitu ex mathematica scientia</subfield>
         <subfield code="t">Galeno adscriptus liber de urinis --</subfield>
         <subfield code="t">De urinis compendium</subfield>
         <subfield code="t">De urinis ex Hippocrate, Galeno aliisque --</subfield>
         <subfield code="t">De pulsibus ad Antonium --</subfield>
         <subfield code="t">De renum affectibus --</subfield>
         <subfield code="t">De melancholia --</subfield>
         <subfield code="t">De succedaneis --</subfield>
         <subfield code="t">De ponderibus et mensuris.</subfield>
         <subfield code="g">t. 20.</subfield>
         <subfield code="t">Continens Indicem in Galeni libros /</subfield>
         <subfield code="r">auctore Fr. Guil. Assmanno.</subfield>
      </datafield>
      <datafield tag="650" ind1=" " ind2="0">
         <subfield code="a">Medicine, Greek and Roman.</subfield>
      </datafield>
      <datafield tag="650" ind1=" " ind2="7">
         <subfield code="a">Medicine, Greek and Roman.</subfield>
         <subfield code="2">fast</subfield>
         <subfield code="0">(OCoLC)fst01015251</subfield>
      </datafield>
      <datafield tag="700" ind1="1" ind2=" ">
         <subfield code="a">Kühn, Karl Gottlob,</subfield>
         <subfield code="d">1754-1840.</subfield>
      </datafield>
      <datafield tag="700" ind1="1" ind2=" ">
         <subfield code="a">Ackermann, Johann Christian Gottlieb,</subfield>
         <subfield code="d">1756-1801.</subfield>
      </datafield>
      <datafield tag="700" ind1="1" ind2=" ">
         <subfield code="a">Assmann, Friedrich Wilhelm,</subfield>
         <subfield code="d">1800-</subfield>
      </datafield>
      <datafield tag="880" ind1="1" ind2="5">
         <subfield code="6">246-01/</subfield>
         <subfield code="a">Κλαυδιου Γαληνου απαντα</subfield>
      </datafield>
      <datafield tag="830" ind1=" " ind2="0">
         <subfield code="a">Cambridge Library Collection.</subfield>
         <subfield code="p">Classics.</subfield>
      </datafield>
      <datafield tag="830" ind1=" " ind2="0">
         <subfield code="a">Medicorum graecorum opera quae exstant ;</subfield>
         <subfield code="v">1-20.</subfield>
      </datafield>
      <datafield tag="994" ind1=" " ind2=" ">
         <subfield code="a">Z0</subfield>
         <subfield code="b">ZYU</subfield>
      </datafield>
      <datafield tag="OWN" ind1=" " ind2=" ">
         <subfield code="a">GENERAL</subfield>
      </datafield>
      <datafield tag="AVA" ind1=" " ind2=" ">
         <subfield code="a">NYU50</subfield>
         <subfield code="b">NISAW</subfield>
         <subfield code="c">Small Collection</subfield>
         <subfield code="d">PA3995 .A2 2011 Non-circulating</subfield>
         <subfield code="e">available</subfield>
         <subfield code="t">Available</subfield>
         <subfield code="f">22</subfield>
         <subfield code="g">0</subfield>
         <subfield code="h">Y</subfield>
         <subfield code="i">0</subfield>
         <subfield code="j">SMALL</subfield>
         <subfield code="k">0</subfield>
      </datafield>
      <marc:datafield tag="852" ind1=" " ind2=" ">
         <marc:subfield code="b">Institute for the Study of the Ancient World, </marc:subfield>
         <marc:subfield code="c">Small Collection</marc:subfield>
         <marc:subfield code="e">15 East 84th St., </marc:subfield>
         <marc:subfield code="e">New York, NY  10028</marc:subfield>
      </marc:datafield>
   </record>