
  
  
  
  
  
  
  
  
  
  
 
  
  <record xsi:schemaLocation="http://www.loc.gov/MARC21/slim http://www.loc.gov/standards/marcxml/schema/MARC21slim.xsd">
      <leader>00000cas a2200673 a 4500</leader>
      <controlfield tag="FMT">SE</controlfield>
      <controlfield tag="LDR">00000cas a2200673 a 4500</controlfield>
      <controlfield tag="001">001901439</controlfield>
      <controlfield tag="003">OCoLC</controlfield>
      <controlfield tag="005">20170411140105.0</controlfield>
      <controlfield tag="008">910731u1986uuuucc fx p       0    0chio</controlfield>
      <datafield tag="010" ind1=" " ind2=" ">
         <subfield code="a">91644717</subfield>
      </datafield>
      <datafield tag="015" ind1=" " ind2=" ">
         <subfield code="a">016591429</subfield>
         <subfield code="2">dnb</subfield>
      </datafield>
      <datafield tag="016" ind1="7" ind2=" ">
         <subfield code="a">1129986-1</subfield>
         <subfield code="2">DE-600</subfield>
      </datafield>
      <datafield tag="016" ind1="7" ind2=" ">
         <subfield code="a">016591429</subfield>
         <subfield code="2">de-101</subfield>
      </datafield>
      <datafield tag="016" ind1="7" ind2=" ">
         <subfield code="a">11299861</subfield>
         <subfield code="2">de-600</subfield>
      </datafield>
      <datafield tag="022" ind1=" " ind2=" ">
         <subfield code="a">1000-8853</subfield>
         <subfield code="l">1000-8853</subfield>
      </datafield>
      <datafield tag="024" ind1="8" ind2=" ">
         <subfield code="a">CN21-1031</subfield>
      </datafield>
      <datafield tag="035" ind1=" " ind2=" ">
         <subfield code="a">(OCoLC)24157321</subfield>
         <subfield code="z">(OCoLC)225770738</subfield>
      </datafield>
      <datafield tag="040" ind1=" " ind2=" ">
         <subfield code="a">DLC</subfield>
         <subfield code="b">eng</subfield>
         <subfield code="c">DLC</subfield>
         <subfield code="d">WAU</subfield>
         <subfield code="d">OCLCQ</subfield>
         <subfield code="d">CUS</subfield>
         <subfield code="d">OCLCQ</subfield>
         <subfield code="d">GEBAY</subfield>
         <subfield code="d">CUY</subfield>
         <subfield code="d">LOA</subfield>
         <subfield code="d">GBVCP</subfield>
         <subfield code="d">OCLCO</subfield>
         <subfield code="d">OCLCF</subfield>
         <subfield code="d">DEBBG</subfield>
         <subfield code="d">NNU</subfield>
      </datafield>
      <datafield tag="042" ind1=" " ind2=" ">
         <subfield code="a">pcc</subfield>
      </datafield>
      <datafield tag="043" ind1=" " ind2=" ">
         <subfield code="a">a-cc-lp</subfield>
      </datafield>
      <datafield tag="050" ind1="0" ind2="0">
         <subfield code="a">DS793.L5</subfield>
         <subfield code="b">L46</subfield>
      </datafield>
      <datafield tag="079" ind1=" " ind2=" ">
         <subfield code="a">(OCoLC)24157321</subfield>
      </datafield>
      <datafield tag="082" ind1="0" ind2="0">
         <subfield code="a">951/.82/005</subfield>
         <subfield code="2">20</subfield>
      </datafield>
      <datafield tag="088" ind1=" " ind2=" ">
         <subfield code="a">CN21-1031</subfield>
      </datafield>
      <datafield tag="222" ind1=" " ind2="0">
         <subfield code="a">Liaohai wenwu xuekan</subfield>
      </datafield>
      <datafield tag="245" ind1="0" ind2="0">
         <subfield code="6">880-01</subfield>
         <subfield code="a">Liao hai wen wu xue kan.</subfield>
      </datafield>
      <datafield tag="246" ind1="1" ind2=" ">
         <subfield code="i">Issues for 1987- have English title:</subfield>
         <subfield code="a">Journal of liaohai cultural relics</subfield>
      </datafield>
      <datafield tag="260" ind1=" " ind2=" ">
         <subfield code="6">880-02</subfield>
         <subfield code="a">Shenyang Shi :</subfield>
         <subfield code="b">"Liao hai wen wu xue kan" bian ji bu,</subfield>
         <subfield code="c">1986-</subfield>
      </datafield>
      <datafield tag="300" ind1=" " ind2=" ">
         <subfield code="a">v. :</subfield>
         <subfield code="b">ill. ;</subfield>
         <subfield code="c">27 cm.</subfield>
      </datafield>
      <datafield tag="310" ind1=" " ind2=" ">
         <subfield code="a">Two no. a year</subfield>
      </datafield>
      <datafield tag="362" ind1="0" ind2=" ">
         <subfield code="6">880-03</subfield>
         <subfield code="a">Chuang kan hao-</subfield>
      </datafield>
      <datafield tag="500" ind1=" " ind2=" ">
         <subfield code="a">Title from cover.</subfield>
      </datafield>
      <datafield tag="515" ind1=" " ind2=" ">
         <subfield code="6">880-04</subfield>
         <subfield code="a">Issue for chuang kan hao- called also zong di 1 qi-</subfield>
      </datafield>
      <datafield tag="550" ind1=" " ind2=" ">
         <subfield code="a">Vols for 1986 sponsored by: Liaoning Sheng kao gu bo wu guan xue hui [and] Liaoning Sheng bo wu guan; also by: Liaoning Sheng wen wu kao gu yan jiu suo, 1987-</subfield>
      </datafield>
      <datafield tag="651" ind1=" " ind2="0">
         <subfield code="a">Liaoning Sheng (China)</subfield>
         <subfield code="x">Antiquities</subfield>
         <subfield code="v">Periodicals.</subfield>
      </datafield>
      <datafield tag="650" ind1=" " ind2="7">
         <subfield code="a">Antiquities.</subfield>
         <subfield code="2">fast</subfield>
         <subfield code="0">(OCoLC)fst00810745</subfield>
      </datafield>
      <datafield tag="651" ind1=" " ind2="7">
         <subfield code="a">China</subfield>
         <subfield code="z">Liaoning Sheng.</subfield>
         <subfield code="2">fast</subfield>
         <subfield code="0">(OCoLC)fst01210503</subfield>
      </datafield>
      <datafield tag="655" ind1=" " ind2="7">
         <subfield code="a">Periodicals.</subfield>
         <subfield code="2">fast</subfield>
         <subfield code="0">(OCoLC)fst01411641</subfield>
      </datafield>
      <datafield tag="710" ind1="2" ind2=" ">
         <subfield code="6">880-05</subfield>
         <subfield code="a">Liaoning Sheng kao gu bo wu guan xue hui.</subfield>
      </datafield>
      <datafield tag="710" ind1="2" ind2=" ">
         <subfield code="6">880-06</subfield>
         <subfield code="a">Liaoning Sheng bo wu guan.</subfield>
      </datafield>
      <datafield tag="710" ind1="2" ind2=" ">
         <subfield code="6">880-07</subfield>
         <subfield code="a">Liaoning Sheng wen wu kao gu yan jiu suo.</subfield>
      </datafield>
      <datafield tag="776" ind1="0" ind2="8">
         <subfield code="i">Online version:</subfield>
         <subfield code="t">Liao hai wen wu xue kan</subfield>
         <subfield code="w">(OCoLC)651543323</subfield>
      </datafield>
      <datafield tag="880" ind1="0" ind2="0">
         <subfield code="6">245-01/</subfield>
         <subfield code="a">辽海文物学刊.</subfield>
      </datafield>
      <datafield tag="880" ind1=" " ind2=" ">
         <subfield code="6">260-02/</subfield>
         <subfield code="a">沈阳市 :</subfield>
         <subfield code="b">《辽海文物学刊》编辑部,</subfield>
         <subfield code="c">1986-</subfield>
      </datafield>
      <datafield tag="880" ind1="0" ind2=" ">
         <subfield code="6">362-03/</subfield>
         <subfield code="a">创刊号-</subfield>
      </datafield>
      <datafield tag="880" ind1=" " ind2=" ">
         <subfield code="6">515-04/</subfield>
         <subfield code="a">Issue for 创刊号- called also 总第1期-</subfield>
      </datafield>
      <datafield tag="880" ind1="2" ind2=" ">
         <subfield code="6">710-05/</subfield>
         <subfield code="a">辽宁省考古博物馆学会.</subfield>
      </datafield>
      <datafield tag="880" ind1="2" ind2=" ">
         <subfield code="6">710-06/</subfield>
         <subfield code="a">辽宁省博物馆.</subfield>
      </datafield>
      <datafield tag="880" ind1="2" ind2=" ">
         <subfield code="6">710-07/</subfield>
         <subfield code="a">辽宁省文物考古硏究所.</subfield>
      </datafield>
      <datafield tag="866" ind1=" " ind2=" ">
         <subfield code="l">IFA</subfield>
         <subfield code="d">Offsite</subfield>
         <subfield code="e">1509</subfield>
         <subfield code="j">1-6, 16-18</subfield>
         <subfield code="k">1986-1988, 1993-1994</subfield>
      </datafield>
      <datafield tag="OWN" ind1=" " ind2=" ">
         <subfield code="a">GENERAL</subfield>
      </datafield>
      <datafield tag="987" ind1=" " ind2=" ">
         <subfield code="a">PINYIN</subfield>
         <subfield code="b">CStRLIN</subfield>
         <subfield code="c">20010609</subfield>
         <subfield code="d">c</subfield>
         <subfield code="e">1.1</subfield>
      </datafield>
      <datafield tag="950" ind1=" " ind2=" ">
         <subfield code="l">IFAPE</subfield>
         <subfield code="a">DS715</subfield>
         <subfield code="b">.L53</subfield>
         <subfield code="h">11/12/90 C</subfield>
      </datafield>
      <datafield tag="950" ind1=" " ind2=" ">
         <subfield code="l">IFAOP</subfield>
         <subfield code="a">DS715</subfield>
         <subfield code="b">.L33</subfield>
         <subfield code="h">12/04/90 C</subfield>
      </datafield>
      <datafield tag="998" ind1=" " ind2=" ">
         <subfield code="a">03/20/92</subfield>
         <subfield code="t">c</subfield>
         <subfield code="s">9665</subfield>
         <subfield code="n">NNU</subfield>
         <subfield code="w">CUBOGLAD33819402S</subfield>
         <subfield code="d">06/09/01</subfield>
         <subfield code="c">MJD</subfield>
         <subfield code="b">MJD</subfield>
         <subfield code="i">920320</subfield>
         <subfield code="h">901204</subfield>
         <subfield code="h">901112</subfield>
         <subfield code="l">NYUG</subfield>
      </datafield>
      <datafield tag="012" ind1=" " ind2=" ">
         <subfield code="a">3</subfield>
         <subfield code="i">9111</subfield>
      </datafield>
      <datafield tag="AVA" ind1=" " ind2=" ">
         <subfield code="a">NYU50</subfield>
         <subfield code="b">NIFA</subfield>
         <subfield code="c">Asian Periodicals</subfield>
         <subfield code="d">Non-circulating</subfield>
         <subfield code="e">unavailable</subfield>
         <subfield code="t">Unavailable</subfield>
         <subfield code="f">5</subfield>
         <subfield code="g">5</subfield>
         <subfield code="h">Y</subfield>
         <subfield code="i">0</subfield>
         <subfield code="j">ASIAP</subfield>
         <subfield code="k">0</subfield>
      </datafield>
      <datafield tag="AVA" ind1=" " ind2=" ">
         <subfield code="a">NYU50</subfield>
         <subfield code="b">NISAW</subfield>
         <subfield code="c">Library 6</subfield>
         <subfield code="d">DS793.L5 L46 Non-circulating</subfield>
         <subfield code="e">unavailable</subfield>
         <subfield code="t">Unavailable</subfield>
         <subfield code="f">2</subfield>
         <subfield code="g">2</subfield>
         <subfield code="h">Y</subfield>
         <subfield code="i">0</subfield>
         <subfield code="j">LIB6</subfield>
         <subfield code="k">0</subfield>
      </datafield>
      <marc:datafield tag="852" ind1=" " ind2=" ">
         <marc:subfield code="b">Institute for the Study of the Ancient World, </marc:subfield>
         <marc:subfield code="c">Library 6</marc:subfield>
         <marc:subfield code="e">15 East 84th St., </marc:subfield>
         <marc:subfield code="e">New York, NY  10028</marc:subfield>
      </marc:datafield>
   </record>