
  
  
  
  
  
  
  
  
  
  
 
  
  <record xsi:schemaLocation="http://www.loc.gov/MARC21/slim http://www.loc.gov/standards/marcxml/schema/MARC21slim.xsd">
      <leader>00000cam a2200529Ki 4500</leader>
      <controlfield tag="FMT">BK</controlfield>
      <controlfield tag="LDR">00000cam a2200529Ki 4500</controlfield>
      <controlfield tag="001">004952945</controlfield>
      <controlfield tag="003">OCoLC</controlfield>
      <controlfield tag="005">20170413101120.0</controlfield>
      <controlfield tag="008">170413m20179999gw a     b    000 0 ger d</controlfield>
      <datafield tag="020" ind1=" " ind2=" ">
         <subfield code="a">9783447107426</subfield>
      </datafield>
      <datafield tag="020" ind1=" " ind2=" ">
         <subfield code="a">3447107421</subfield>
      </datafield>
      <datafield tag="035" ind1=" " ind2=" ">
         <subfield code="a">(OCoLC)974846758</subfield>
      </datafield>
      <datafield tag="040" ind1=" " ind2=" ">
         <subfield code="a">ERASA</subfield>
         <subfield code="b">eng</subfield>
         <subfield code="e">rda</subfield>
         <subfield code="c">ERASA</subfield>
         <subfield code="d">BTCTA</subfield>
         <subfield code="d">OCLCO</subfield>
         <subfield code="d">TEF</subfield>
         <subfield code="d">NYP</subfield>
         <subfield code="d">ZYU</subfield>
      </datafield>
      <datafield tag="041" ind1="0" ind2=" ">
         <subfield code="a">ger</subfield>
         <subfield code="a">eng</subfield>
      </datafield>
      <datafield tag="043" ind1=" " ind2=" ">
         <subfield code="a">a-iq---</subfield>
      </datafield>
      <datafield tag="050" ind1=" " ind2="4">
         <subfield code="a">DS70.5.A7</subfield>
         <subfield code="b">M545 2017</subfield>
      </datafield>
      <datafield tag="082" ind1="0" ind2="4">
         <subfield code="a">932-933</subfield>
      </datafield>
      <datafield tag="245" ind1="0" ind2="0">
         <subfield code="a">Ausgrabungen in Assur :</subfield>
         <subfield code="b">Wohnquartiere in der Weststadt /</subfield>
         <subfield code="c">Peter A. Miglus, Karen Radner, Franciszek M. Stępniowski ; mit Beiträgen von Stefan M. Maul und Arkadiusz Sołtysiak.</subfield>
      </datafield>
      <datafield tag="264" ind1=" " ind2="1">
         <subfield code="a">Wiesbaden :</subfield>
         <subfield code="b">Harrassowitz Verlag,</subfield>
         <subfield code="c">2016-</subfield>
      </datafield>
      <datafield tag="300" ind1=" " ind2=" ">
         <subfield code="a">volumes :</subfield>
         <subfield code="b">illustrations ;</subfield>
         <subfield code="c">35 cm.</subfield>
      </datafield>
      <datafield tag="336" ind1=" " ind2=" ">
         <subfield code="a">text</subfield>
         <subfield code="b">txt</subfield>
         <subfield code="2">rdacontent</subfield>
      </datafield>
      <datafield tag="336" ind1=" " ind2=" ">
         <subfield code="a">still image</subfield>
         <subfield code="b">sti</subfield>
         <subfield code="2">rdacontent</subfield>
      </datafield>
      <datafield tag="337" ind1=" " ind2=" ">
         <subfield code="a">unmediated</subfield>
         <subfield code="b">n</subfield>
         <subfield code="2">rdamedia</subfield>
      </datafield>
      <datafield tag="338" ind1=" " ind2=" ">
         <subfield code="a">volume</subfield>
         <subfield code="b">nc</subfield>
         <subfield code="2">rdacarrier</subfield>
      </datafield>
      <datafield tag="490" ind1="1" ind2=" ">
         <subfield code="a">Ausgrabungen der Deutschen Orient-Gesellschaft in Assur. A, Allgemeines ;</subfield>
         <subfield code="v">Band 4</subfield>
      </datafield>
      <datafield tag="490" ind1="1" ind2=" ">
         <subfield code="a">Wissenschaftliche Veröffentlichungen der Deutschen Orient-Gesellschaft ;</subfield>
         <subfield code="v">152</subfield>
      </datafield>
      <datafield tag="500" ind1=" " ind2=" ">
         <subfield code="a">Two folded plans in pocket of Teil 1.</subfield>
      </datafield>
      <datafield tag="504" ind1=" " ind2=" ">
         <subfield code="a">Includes bibliographical references.</subfield>
      </datafield>
      <datafield tag="546" ind1=" " ind2=" ">
         <subfield code="a">German, one contribution in English.</subfield>
      </datafield>
      <datafield tag="520" ind1="8" ind2=" ">
         <subfield code="a">Im Jahr 2006 begann am Institut für Ur- und Frühgeschichte der Universität Heidelberg die Aufarbeitung der Grabungsergebnisse aus den Kampagnen 1990, 2000 und 2001, und zwar des im westlichen Stadtgebiet von Assur im Grabungsabschnitt 1 aufgenommenen Materials aus den obersten Schichten der assyrischen und parthischen Besiedlung. Da an eine Fortsetzung der Feldforschung in Assur in der gegenwärtigen politischen Lage im Irak überhaupt nicht zu denken ist, wird nur ein Teil der erzielten Resultate veröffentlicht. Darin werden Architekturreste, Kleinfunde und Tontafelarchive vorgelegt. Das Ziel des Projektes ist Aufarbeitung thematisch abgeschlossener Forschungsaktivitäten im Abschnitt 1, der auf einer Fläche von 900 mø gegraben wurde. Unter dem parthischen Siedlungshorizont, der hauptsächlich durch Gräber repräsentiert war, erstreckte sich ein neuassyrisches Wohnquartier. Zwischen zwei Straßen lagen hier Teile von neun oder zehn Privathäusern, deren bauliche und funktionale Veränderungen dokumentiert wurden. In ihren Ruinen haben sich zahlreiche Objekte von den Hausinventaren erhalten. Eine besondere Aufmerksamkeit verdienen dabei Spuren des Niedergangs, als die Stadt 614 v. Chr. von den Medern erobert und teilweise zerstört wurde. Der darauf folgende implosionsartige Kollaps des assyrischen Staates spiegelt sich in einer schnellen Auflösung der urbanen Stadtstruktur wider, die ihren politischen Rückhalt und ihre wirtschaftliche Basis verloren hat.</subfield>
      </datafield>
      <datafield tag="505" ind1="0" ind2="0">
         <subfield code="g">T. 1.</subfield>
         <subfield code="t">Einleitung /</subfield>
         <subfield code="r">P.A. Miglus --</subfield>
         <subfield code="t">Räume und Hausinventare /</subfield>
         <subfield code="r">P.A. Miglus und F.M. Stępniowski --</subfield>
         <subfield code="t">Architektur und Kleinfunde des Wohnquartiers /</subfield>
         <subfield code="r">P.A. Miglus --</subfield>
         <subfield code="t">Bestattungen /</subfield>
         <subfield code="r">F.M. Stępniowski --</subfield>
         <subfield code="t">Die beiden neuassyrischen Privatarchive /</subfield>
         <subfield code="r">K. Radner --</subfield>
         <subfield code="t">Schutz für das Haus des Dūrī-Aššur : vier Bruchstücke von Tontafelamuletten /</subfield>
         <subfield code="r">S.M. Maul --</subfield>
         <subfield code="r">t Human remains from Assur /</subfield>
         <subfield code="r">A. Sołtysiak --</subfield>
         <subfield code="t">Tafelverzeichnis und Fundliste --</subfield>
         <subfield code="t">Abkürzungs- und Literaturverzeichnis.</subfield>
      </datafield>
      <datafield tag="651" ind1=" " ind2="0">
         <subfield code="a">Ashur (Extinct city)</subfield>
      </datafield>
      <datafield tag="650" ind1=" " ind2="0">
         <subfield code="a">Excavations (Archaeology)</subfield>
         <subfield code="z">Iraq</subfield>
         <subfield code="z">Ashur (Extinct city)</subfield>
      </datafield>
      <datafield tag="651" ind1=" " ind2="0">
         <subfield code="a">Assyria</subfield>
         <subfield code="x">Antiquities.</subfield>
      </datafield>
      <datafield tag="651" ind1=" " ind2="0">
         <subfield code="a">Iraq</subfield>
         <subfield code="x">Antiquities.</subfield>
      </datafield>
      <datafield tag="651" ind1=" " ind2="7">
         <subfield code="a">Ashur/‘Lamban’?/‘Liba(nai)’?</subfield>
         <subfield code="2">pleiades</subfield>
         <subfield code="0">https://pleiades.stoa.org/places/893945</subfield>
      </datafield>
      <datafield tag="700" ind1="1" ind2=" ">
         <subfield code="a">Miglus, Peter A.,</subfield>
         <subfield code="e">author.</subfield>
      </datafield>
      <datafield tag="700" ind1="1" ind2=" ">
         <subfield code="a">Radner, Karen,</subfield>
         <subfield code="e">author.</subfield>
      </datafield>
      <datafield tag="700" ind1="1" ind2=" ">
         <subfield code="a">Stępniowski, Franciszek,</subfield>
         <subfield code="e">author.</subfield>
      </datafield>
      <datafield tag="700" ind1="1" ind2=" ">
         <subfield code="a">Maul, Stefan M.,</subfield>
         <subfield code="e">contributor.</subfield>
      </datafield>
      <datafield tag="700" ind1="1" ind2=" ">
         <subfield code="a">Sołtysiak, Arkadiusz,</subfield>
         <subfield code="e">contributor.</subfield>
      </datafield>
      <datafield tag="830" ind1=" " ind2="0">
         <subfield code="a">Ausgrabungen der Deutschen Orient-Gesellschaft in Assur.</subfield>
         <subfield code="n">D,</subfield>
         <subfield code="p">Allgemeines ;</subfield>
         <subfield code="v">Bd. 4.</subfield>
      </datafield>
      <datafield tag="830" ind1=" " ind2="0">
         <subfield code="a">Wissenschaftliche Veröffentlichung der Deutschen Orient-Gesellschaft ;</subfield>
         <subfield code="v">152.</subfield>
      </datafield>
      <datafield tag="994" ind1=" " ind2=" ">
         <subfield code="a">Z0</subfield>
         <subfield code="b">ZYU</subfield>
      </datafield>
      <datafield tag="OWN" ind1=" " ind2=" ">
         <subfield code="a">GENERAL</subfield>
      </datafield>
      <datafield tag="AVA" ind1=" " ind2=" ">
         <subfield code="a">NYU50</subfield>
         <subfield code="b">NISAW</subfield>
         <subfield code="c">Oversize Collection</subfield>
         <subfield code="d">DS70.5.A7 M545 2017 Non-circulating</subfield>
         <subfield code="e">available</subfield>
         <subfield code="t">Available</subfield>
         <subfield code="f">1</subfield>
         <subfield code="g">0</subfield>
         <subfield code="h">Y</subfield>
         <subfield code="i">0</subfield>
         <subfield code="j">OVERZ</subfield>
         <subfield code="k">0</subfield>
      </datafield>
      <marc:datafield tag="852" ind1=" " ind2=" ">
         <marc:subfield code="b">Institute for the Study of the Ancient World, </marc:subfield>
         <marc:subfield code="c">Oversize Collection</marc:subfield>
         <marc:subfield code="e">15 East 84th St., </marc:subfield>
         <marc:subfield code="e">New York, NY  10028</marc:subfield>
      </marc:datafield>
   </record>