
  
  
  
  
  
  
  
  
  
  
 
  
  <record xsi:schemaLocation="http://www.loc.gov/MARC21/slim http://www.loc.gov/standards/marcxml/schema/MARC21slim.xsd">
      <leader>00000cam a2200301Ii 4500</leader>
      <controlfield tag="FMT">BK</controlfield>
      <controlfield tag="LDR">00000cam a2200301Ii 4500</controlfield>
      <controlfield tag="001">004953123</controlfield>
      <controlfield tag="003">OCoLC</controlfield>
      <controlfield tag="005">20170501125426.0</controlfield>
      <controlfield tag="008">170414s1962    ru af    b    000 0 rus d</controlfield>
      <datafield tag="035" ind1=" " ind2=" ">
         <subfield code="a">(OCoLC)2662309</subfield>
      </datafield>
      <datafield tag="040" ind1=" " ind2=" ">
         <subfield code="a">BOS</subfield>
         <subfield code="b">eng</subfield>
         <subfield code="c">BOS</subfield>
         <subfield code="d">CUY</subfield>
         <subfield code="d">OCLCF</subfield>
         <subfield code="d">OCLCQ</subfield>
         <subfield code="d">OCLCO</subfield>
         <subfield code="d">NNU</subfield>
      </datafield>
      <datafield tag="043" ind1=" " ind2=" ">
         <subfield code="a">e-ru---</subfield>
         <subfield code="a">e-un---</subfield>
      </datafield>
      <datafield tag="050" ind1=" " ind2="4">
         <subfield code="a">DK30</subfield>
         <subfield code="b">.M3 v.115</subfield>
      </datafield>
      <datafield tag="245" ind1="0" ind2="0">
         <subfield code="6">880-01</subfield>
         <subfield code="a">Pami͡atniki skifo-sarmatskoĭ kul'tury /</subfield>
         <subfield code="c">[otv. redaktor A.P. Smirnov].</subfield>
      </datafield>
      <datafield tag="260" ind1=" " ind2=" ">
         <subfield code="6">880-02</subfield>
         <subfield code="a">Moskva :</subfield>
         <subfield code="b">Izd-vo Akad. nauk SSSR,</subfield>
         <subfield code="c">1962.</subfield>
      </datafield>
      <datafield tag="300" ind1=" " ind2=" ">
         <subfield code="a">283 pages, 2 leaves of plates (1 folded) :</subfield>
         <subfield code="b">illustrations;</subfield>
         <subfield code="c">27 cm.</subfield>
      </datafield>
      <datafield tag="336" ind1=" " ind2=" ">
         <subfield code="a">text</subfield>
         <subfield code="b">txt</subfield>
         <subfield code="2">rdacontent</subfield>
      </datafield>
      <datafield tag="337" ind1=" " ind2=" ">
         <subfield code="a">unmediated</subfield>
         <subfield code="b">n</subfield>
         <subfield code="2">rdamedia</subfield>
      </datafield>
      <datafield tag="338" ind1=" " ind2=" ">
         <subfield code="a">volume</subfield>
         <subfield code="b">nc</subfield>
         <subfield code="2">rdacarrier</subfield>
      </datafield>
      <datafield tag="490" ind1="1" ind2=" ">
         <subfield code="a">Materialy i issledovanii͡a po arkheologii SSSR ;</subfield>
         <subfield code="v">no. 115</subfield>
      </datafield>
      <datafield tag="500" ind1=" " ind2=" ">
         <subfield code="a">ISAW copy is from the library of Aleksandr Leskov.</subfield>
         <subfield code="5">NyNyUAW</subfield>
      </datafield>
      <datafield tag="500" ind1=" " ind2=" ">
         <subfield code="6">880-03</subfield>
         <subfield code="a">On series title page: Akademii͡a nauk SSSR. Institut arkheologii.</subfield>
      </datafield>
      <datafield tag="504" ind1=" " ind2=" ">
         <subfield code="a">Includes bibliographical references.</subfield>
      </datafield>
      <datafield tag="505" ind1="0" ind2="0">
         <subfield code="6">880-04</subfield>
         <subfield code="t">Pogrebenii͡a bronzovogo veka i predskifskogo vremeni na Nikopol'skom kurgannom pole /</subfield>
         <subfield code="r">O.A. Kribt͡sova-Grakova --</subfield>
         <subfield code="t">Skifskie pogrebenii͡a na Nikopol'skom kurgannom pole /</subfield>
         <subfield code="r">B.N. Grakov --</subfield>
         <subfield code="t">Skifskie kurgany Tiraspol'shchiny (po materiala I.I͡A i L.P. Stempkovskikh) /</subfield>
         <subfield code="r">A.I. Meli͡ukova --</subfield>
         <subfield code="t">Skifskiĭ olen' /</subfield>
         <subfield code="r">N .L. Chlenova --</subfield>
         <subfield code="t">Novo-Kumakskiĭ kurgannyĭ mogil'nik bliz g. Orska /</subfield>
         <subfield code="r">M.G. Moshkova --</subfield>
         <subfield code="t">Sarmatskie pami͡atniki Bashkirii /</subfield>
         <subfield code="r">M.KH. Sadykova --</subfield>
         <subfield code="t">Vzaimootnoshenii͡a sarmatov s naseleniem pozdneskifskikh stepnykh gorodishch Nizhnego Dnepra /</subfield>
         <subfield code="r">M.P. Abramova.</subfield>
      </datafield>
      <datafield tag="650" ind1=" " ind2="0">
         <subfield code="a">Scythians.</subfield>
      </datafield>
      <datafield tag="651" ind1=" " ind2="0">
         <subfield code="a">Russia (Federation)</subfield>
         <subfield code="x">Antiquities.</subfield>
      </datafield>
      <datafield tag="650" ind1=" " ind2="0">
         <subfield code="a">Excavations (Archaeology)</subfield>
         <subfield code="z">Russia (Federation)</subfield>
      </datafield>
      <datafield tag="651" ind1=" " ind2="0">
         <subfield code="a">Black Sea Lowland (Ukraine)</subfield>
         <subfield code="x">Antiquities.</subfield>
      </datafield>
      <datafield tag="650" ind1=" " ind2="0">
         <subfield code="a">Excavations (Archaeology)</subfield>
         <subfield code="z">Ukraine</subfield>
         <subfield code="z">Black Sea Lowland.</subfield>
      </datafield>
      <datafield tag="700" ind1="1" ind2=" ">
         <subfield code="6">880-05</subfield>
         <subfield code="a">Smirnov, A. P.</subfield>
         <subfield code="q">(Alekseĭ Petrovich),</subfield>
         <subfield code="d">1899-1974,</subfield>
         <subfield code="e">editor.</subfield>
      </datafield>
      <datafield tag="710" ind1="2" ind2=" ">
         <subfield code="6">880-06</subfield>
         <subfield code="a">Institut arkheologii (Akademii͡a nauk SSSR),</subfield>
         <subfield code="e">issuing body.</subfield>
      </datafield>
      <datafield tag="776" ind1="0" ind2="8">
         <subfield code="i">Online version:</subfield>
         <subfield code="a">Institut arkheologii (Akademii͡a nauk SSSR).</subfield>
         <subfield code="t">Pami͡atniki skifo-sarmatskoĭ kul'tury.</subfield>
         <subfield code="d">Moskva : Izd-vo Akad. nauk SSSR, : 1962</subfield>
         <subfield code="w">(OCoLC)609807738</subfield>
      </datafield>
      <datafield tag="700" ind1="1" ind2=" ">
         <subfield code="a">Leskov, Aleksandr Mikhaĭlovich,</subfield>
         <subfield code="e">former owner.</subfield>
         <subfield code="5">NyNyUAW</subfield>
      </datafield>
      <datafield tag="740" ind1="0" ind2=" ">
         <subfield code="a">Leskov Collection.</subfield>
         <subfield code="5">NyNyUAW</subfield>
      </datafield>
      <datafield tag="880" ind1="0" ind2="0">
         <subfield code="6">245-01/</subfield>
         <subfield code="a">Памятники скифo-сaрмaтской культуры /</subfield>
         <subfield code="c">[otv. redaktor A.P. Smirnov].</subfield>
      </datafield>
      <datafield tag="880" ind1=" " ind2=" ">
         <subfield code="6">260-02/</subfield>
         <subfield code="a">Moсква :</subfield>
         <subfield code="b">Изд-вo Акад. наук СССР,</subfield>
         <subfield code="c">1962.</subfield>
      </datafield>
      <datafield tag="880" ind1=" " ind2=" ">
         <subfield code="6">500-03/</subfield>
         <subfield code="a">On series title page: Академия наук СССР. Институт археологии.</subfield>
      </datafield>
      <datafield tag="880" ind1="0" ind2="0">
         <subfield code="6">505-04/</subfield>
         <subfield code="t">Погребения бронзового века и предскифского времени на Никопольском курганном поле /</subfield>
         <subfield code="r">О.А. Крибцова-Гракова --</subfield>
         <subfield code="t">Скифские погребения на Никопольском курганном поле /</subfield>
         <subfield code="r">Б.Н. Граков --</subfield>
         <subfield code="t">Скифские курганы Тираспольщины (по материала И.Я и Л.П. Стемпковских) /</subfield>
         <subfield code="r">А.И. Мелюкова --</subfield>
         <subfield code="t">Скифский олень /</subfield>
         <subfield code="r">Н .Л. Членова --</subfield>
         <subfield code="t">Ново-Кумакский курганный могильник близ г. Орска /</subfield>
         <subfield code="r">М.Г. Мошкова --</subfield>
         <subfield code="t">Сарматские памятники Башкирии /</subfield>
         <subfield code="r">М.Х. Садыкова --</subfield>
         <subfield code="t">Взаимоотношения сарматов с населением позднескифских степных городищ Нижнего Днепра /</subfield>
         <subfield code="r">М.П. Абрамова.</subfield>
      </datafield>
      <datafield tag="880" ind1="1" ind2=" ">
         <subfield code="6">700-05/</subfield>
         <subfield code="a">Smirnov, A. P.</subfield>
         <subfield code="q">(Aлeксей Пeтрович)</subfield>
         <subfield code="d">1899-1974</subfield>
         <subfield code="e">editor.</subfield>
      </datafield>
      <datafield tag="880" ind1="2" ind2=" ">
         <subfield code="6">710-06/</subfield>
         <subfield code="a">Институт археологии (Академия наук СССР),</subfield>
         <subfield code="e">issuing body.</subfield>
      </datafield>
      <datafield tag="830" ind1=" " ind2="0">
         <subfield code="a">Materialy i issledovanii͡a po arkheologii SSSR ;</subfield>
         <subfield code="v">no. 115.</subfield>
      </datafield>
      <datafield tag="994" ind1=" " ind2=" ">
         <subfield code="a">Z0</subfield>
         <subfield code="b">ZYU</subfield>
      </datafield>
      <datafield tag="OWN" ind1=" " ind2=" ">
         <subfield code="a">GENERAL</subfield>
      </datafield>
      <datafield tag="AVA" ind1=" " ind2=" ">
         <subfield code="a">NYU50</subfield>
         <subfield code="b">NISAW</subfield>
         <subfield code="c">Large Collection</subfield>
         <subfield code="d">DK30 .M3 no.115 1962 Non-circulating</subfield>
         <subfield code="e">available</subfield>
         <subfield code="t">Available</subfield>
         <subfield code="f">1</subfield>
         <subfield code="g">0</subfield>
         <subfield code="h">N</subfield>
         <subfield code="i">0</subfield>
         <subfield code="j">LARGE</subfield>
         <subfield code="k">0</subfield>
      </datafield>
      <marc:datafield tag="852" ind1=" " ind2=" ">
         <marc:subfield code="b">Institute for the Study of the Ancient World, </marc:subfield>
         <marc:subfield code="c">Large Collection</marc:subfield>
         <marc:subfield code="e">15 East 84th St., </marc:subfield>
         <marc:subfield code="e">New York, NY  10028</marc:subfield>
      </marc:datafield>
   </record>