
  
  
  
  
  
  
  
  
 
  
  <record xsi:schemaLocation="http://www.loc.gov/MARC21/slim http://www.loc.gov/standards/marcxml/schema/MARC21slim.xsd">
      <leader>00000cam a22     Ii 4500</leader>
      <controlfield tag="FMT">BK</controlfield>
      <controlfield tag="LDR">00000cam a22     Ii 4500</controlfield>
      <controlfield tag="001">004954101</controlfield>
      <controlfield tag="005">20170605103130.0</controlfield>
      <controlfield tag="008">170419t20162016gw abe   b    100 0 ger d</controlfield>
      <datafield tag="016" ind1="7" ind2=" ">
         <subfield code="a">1112080244</subfield>
         <subfield code="2">GyFmDB</subfield>
      </datafield>
      <datafield tag="020" ind1=" " ind2=" ">
         <subfield code="a">9783825364298</subfield>
         <subfield code="q">(pbk.)</subfield>
      </datafield>
      <datafield tag="020" ind1=" " ind2=" ">
         <subfield code="a">3825364291</subfield>
         <subfield code="q">(pbk.)</subfield>
      </datafield>
      <datafield tag="035" ind1=" " ind2=" ">
         <subfield code="a">(OCoLC)973211350</subfield>
         <subfield code="z">(OCoLC)958356880</subfield>
      </datafield>
      <datafield tag="040" ind1=" " ind2=" ">
         <subfield code="a">OHX</subfield>
         <subfield code="b">eng</subfield>
         <subfield code="e">rda</subfield>
         <subfield code="c">OHX</subfield>
         <subfield code="d">OCLCO</subfield>
         <subfield code="d">HLS</subfield>
         <subfield code="d">OCLCO</subfield>
         <subfield code="d">OCLCF</subfield>
         <subfield code="d">YDX</subfield>
         <subfield code="d">BTCTA</subfield>
         <subfield code="d">CGU</subfield>
         <subfield code="d">ZYU</subfield>
      </datafield>
      <datafield tag="041" ind1="0" ind2=" ">
         <subfield code="a">ger</subfield>
         <subfield code="a">eng</subfield>
      </datafield>
      <datafield tag="043" ind1=" " ind2=" ">
         <subfield code="a">mm-----</subfield>
      </datafield>
      <datafield tag="050" ind1=" " ind2="4">
         <subfield code="a">HT55</subfield>
         <subfield code="b">.R38 2016</subfield>
      </datafield>
      <datafield tag="072" ind1=" " ind2="7">
         <subfield code="a">HT</subfield>
         <subfield code="2">lcco</subfield>
      </datafield>
      <datafield tag="245" ind1="0" ind2="0">
         <subfield code="a">Raum-Ordnung :</subfield>
         <subfield code="b">Raum und soziopolitische Ordnungen im Altertum /</subfield>
         <subfield code="c">herausgegeben von Sebastian Schmidt-Hofner, Claus Ambos, Peter Eich ; im Auftrag der Heidelberger Akademie der Wissenschaften, Akademie der Wissenschaften des Landes Baden-Württemberg.</subfield>
      </datafield>
      <datafield tag="264" ind1=" " ind2="1">
         <subfield code="a">Heidelberg :</subfield>
         <subfield code="b">Universitätsverlag Winter,</subfield>
         <subfield code="c">[2016].</subfield>
      </datafield>
      <datafield tag="264" ind1=" " ind2="4">
         <subfield code="c">©2016</subfield>
      </datafield>
      <datafield tag="300" ind1=" " ind2=" ">
         <subfield code="a">441 pages :</subfield>
         <subfield code="b">illustrations, maps, plans (partly color) ;</subfield>
         <subfield code="c">24 cm.</subfield>
      </datafield>
      <datafield tag="336" ind1=" " ind2=" ">
         <subfield code="a">text</subfield>
         <subfield code="2">rdacontent</subfield>
      </datafield>
      <datafield tag="337" ind1=" " ind2=" ">
         <subfield code="a">unmediated</subfield>
         <subfield code="2">rdamedia</subfield>
      </datafield>
      <datafield tag="338" ind1=" " ind2=" ">
         <subfield code="a">volume</subfield>
         <subfield code="2">rdacarrier</subfield>
      </datafield>
      <datafield tag="490" ind1="1" ind2=" ">
         <subfield code="a">Akademiekonferenzen ;</subfield>
         <subfield code="v">Band 18</subfield>
      </datafield>
      <datafield tag="500" ind1=" " ind2=" ">
         <subfield code="a">International conference proceedings.</subfield>
      </datafield>
      <datafield tag="546" ind1=" " ind2=" ">
         <subfield code="a">6 English, 6 German contributions.</subfield>
      </datafield>
      <datafield tag="504" ind1=" " ind2=" ">
         <subfield code="a">Includes bibliographical references.</subfield>
      </datafield>
      <datafield tag="505" ind1="0" ind2="0">
         <subfield code="t">Raum: einige Bemerkungen zur Komplexität von "Raum" aus Sicht der Sozialgeographie /</subfield>
         <subfield code="r">Marc Redepenning.</subfield>
         <subfield code="g">1.</subfield>
         <subfield code="t">Gebauter Raum und soziopolitische Ordnung.</subfield>
         <subfield code="t">The Organisation of Public Spaces in the Emergent "polis": the Example of Archaic Corinth /</subfield>
         <subfield code="r">Rachele Dubbini --</subfield>
         <subfield code="t">Performance, Architecture, and Community Building in Minoan Crete: a Diachronic Perspective on the Pre-, Proto-, and Neopalatial Periods /</subfield>
         <subfield code="r">Noach Vander Beken --</subfield>
         <subfield code="t">Eventful Architecture: Activating Potentials for Movement and Segregation in Mycenaean Palaces /</subfield>
         <subfield code="r">Ulrich Thaler.</subfield>
         <subfield code="g">2.</subfield>
         <subfield code="t">Territoriale Raumkonzepte und politische Ordnung.</subfield>
         <subfield code="t">Urbanisierung, ländliche Siedlungen und die Entstehung der Staatlichkeit: das Territorium der sumerischen Stadt im 4. und 3. Jahrtausend /</subfield>
         <subfield code="r">Camille Lecompte --</subfield>
         <subfield code="t">Claiming Land and People: Conceptions of Power in Syria and Upper Mesopotamia During the 2nd Millennium BCE /</subfield>
         <subfield code="r">Hervé Reculeau --</subfield>
         <subfield code="t">Borders, Frontiers and the Spatial Concepts of Roman Rule between Republic and Empire /</subfield>
         <subfield code="r">Filippo Carlà-Uhink --</subfield>
         <subfield code="t">Raum als Strukturkategorie imperialer Administration: Provinzteilungen und Provinzzusammenschlüsse im frühen 4. Jahrhundert /</subfield>
         <subfield code="r">Peter Eich.</subfield>
         <subfield code="g">3.</subfield>
         <subfield code="t">Räume des Rituals und des Sakralen.</subfield>
         <subfield code="t">Heiligtümer aus Mehl und Rohr: zur rituellen Konstruktion des Raumes im Alten Orient /</subfield>
         <subfield code="r">Claus Ambos --</subfield>
         <subfield code="t">Raum, Raumordnung und sozio-politische Identitäten im frühen Mesopotamien /</subfield>
         <subfield code="r">Gebhard Selz --</subfield>
         <subfield code="t">Roman and Non-Roman Religious Spaces in Cicero's "Second Verrine Oration" /</subfield>
         <subfield code="r">John Noël Dillon.</subfield>
         <subfield code="g">4.</subfield>
         <subfield code="t">Raum-Bilder und Ordnungsdiskurse.</subfield>
         <subfield code="t">Der Ölbaum-Prozess, oder: Attika und die Ordnung der Polis im klassischen Athen /</subfield>
         <subfield code="r">Sebastian Schmidt-Hofner --</subfield>
         <subfield code="t">Die Grammatik des Reiches: Imaginierte Räume und imperiale Wirklichkeit bei Tacitus /</subfield>
         <subfield code="r">Mihály-Loránd Dészpa.</subfield>
      </datafield>
      <datafield tag="650" ind1=" " ind2="0">
         <subfield code="a">Human settlements</subfield>
         <subfield code="v">Congresses.</subfield>
      </datafield>
      <datafield tag="650" ind1=" " ind2="0">
         <subfield code="a">Space</subfield>
         <subfield code="v">Congresses.</subfield>
      </datafield>
      <datafield tag="650" ind1=" " ind2="0">
         <subfield code="a">Human geography</subfield>
         <subfield code="v">Congresses.</subfield>
      </datafield>
      <datafield tag="650" ind1=" " ind2="0">
         <subfield code="a">Classical antiquities</subfield>
         <subfield code="v">Congresses.</subfield>
      </datafield>
      <datafield tag="650" ind1=" " ind2="0">
         <subfield code="a">Space archaeology</subfield>
         <subfield code="v">Congresses.</subfield>
      </datafield>
      <datafield tag="650" ind1=" " ind2="0">
         <subfield code="a">Space environment</subfield>
         <subfield code="v">Congresses.</subfield>
      </datafield>
      <datafield tag="651" ind1=" " ind2="0">
         <subfield code="a">Mediterranean Region</subfield>
         <subfield code="x">Civilization</subfield>
         <subfield code="v">Congresses.</subfield>
      </datafield>
      <datafield tag="650" ind1=" " ind2="0">
         <subfield code="a">Civilization, Greco-Roman</subfield>
         <subfield code="v">Congresses.</subfield>
      </datafield>
      <datafield tag="650" ind1=" " ind2="0">
         <subfield code="a">Civilization, Classical</subfield>
         <subfield code="v">Congresses.</subfield>
      </datafield>
      <datafield tag="650" ind1=" " ind2="7">
         <subfield code="a">Civilization.</subfield>
         <subfield code="2">fast</subfield>
         <subfield code="0">(OCoLC)fst00862898</subfield>
      </datafield>
      <datafield tag="650" ind1=" " ind2="7">
         <subfield code="a">Civilization, Classical.</subfield>
         <subfield code="2">fast</subfield>
         <subfield code="0">(OCoLC)fst00862996</subfield>
      </datafield>
      <datafield tag="650" ind1=" " ind2="7">
         <subfield code="a">Civilization, Greco-Roman.</subfield>
         <subfield code="2">fast</subfield>
         <subfield code="0">(OCoLC)fst00863018</subfield>
      </datafield>
      <datafield tag="650" ind1=" " ind2="7">
         <subfield code="a">Classical antiquities.</subfield>
         <subfield code="2">fast</subfield>
         <subfield code="0">(OCoLC)fst00863445</subfield>
      </datafield>
      <datafield tag="650" ind1=" " ind2="7">
         <subfield code="a">Human geography.</subfield>
         <subfield code="2">fast</subfield>
         <subfield code="0">(OCoLC)fst00963107</subfield>
      </datafield>
      <datafield tag="650" ind1=" " ind2="7">
         <subfield code="a">Human settlements.</subfield>
         <subfield code="2">fast</subfield>
         <subfield code="0">(OCoLC)fst00963433</subfield>
      </datafield>
      <datafield tag="650" ind1=" " ind2="7">
         <subfield code="a">Space.</subfield>
         <subfield code="2">fast</subfield>
         <subfield code="0">(OCoLC)fst01765196</subfield>
      </datafield>
      <datafield tag="650" ind1=" " ind2="7">
         <subfield code="a">Space archaeology.</subfield>
         <subfield code="2">fast</subfield>
         <subfield code="0">(OCoLC)fst01748124</subfield>
      </datafield>
      <datafield tag="650" ind1=" " ind2="7">
         <subfield code="a">Space environment.</subfield>
         <subfield code="2">fast</subfield>
         <subfield code="0">(OCoLC)fst01127673</subfield>
      </datafield>
      <datafield tag="651" ind1=" " ind2="7">
         <subfield code="a">Mediterranean Region.</subfield>
         <subfield code="2">fast</subfield>
         <subfield code="0">(OCoLC)fst01239752</subfield>
      </datafield>
      <datafield tag="655" ind1=" " ind2="7">
         <subfield code="a">Conference papers and proceedings.</subfield>
         <subfield code="2">fast</subfield>
         <subfield code="0">(OCoLC)fst01423772</subfield>
      </datafield>
      <datafield tag="700" ind1="1" ind2=" ">
         <subfield code="a">Schmidt-Hofner, Sebastian.</subfield>
      </datafield>
      <datafield tag="700" ind1="1" ind2=" ">
         <subfield code="a">Ambos, Claus.</subfield>
      </datafield>
      <datafield tag="700" ind1="1" ind2=" ">
         <subfield code="a">Eich, Peter.</subfield>
      </datafield>
      <datafield tag="830" ind1=" " ind2="0">
         <subfield code="a">Akademiekonferenzen (Heidelberger Akademie der Wissenschaften) ;</subfield>
         <subfield code="v">Bd. 18.</subfield>
      </datafield>
      <datafield tag="OWN" ind1=" " ind2=" ">
         <subfield code="a">GENERAL</subfield>
      </datafield>
      <datafield tag="AVA" ind1=" " ind2=" ">
         <subfield code="a">NYU50</subfield>
         <subfield code="b">NISAW</subfield>
         <subfield code="c">Small Collection</subfield>
         <subfield code="d">HT55 .R38 2016 Non-circulating</subfield>
         <subfield code="e">available</subfield>
         <subfield code="t">Available</subfield>
         <subfield code="f">1</subfield>
         <subfield code="g">0</subfield>
         <subfield code="h">N</subfield>
         <subfield code="i">0</subfield>
         <subfield code="j">SMALL</subfield>
         <subfield code="k">0</subfield>
      </datafield>
      <marc:datafield tag="852" ind1=" " ind2=" ">
         <marc:subfield code="b">Institute for the Study of the Ancient World, </marc:subfield>
         <marc:subfield code="c">Small Collection</marc:subfield>
         <marc:subfield code="e">15 East 84th St., </marc:subfield>
         <marc:subfield code="e">New York, NY  10028</marc:subfield>
      </marc:datafield>
   </record>