
  
  
  
  
  
  
  
  
  
 
  
  <record xsi:schemaLocation="http://www.loc.gov/MARC21/slim http://www.loc.gov/standards/marcxml/schema/MARC21slim.xsd">
      <leader>00000cam a2200433 i 4500</leader>
      <controlfield tag="FMT">BK</controlfield>
      <controlfield tag="LDR">00000cam a2200433 i 4500</controlfield>
      <controlfield tag="001">004955598</controlfield>
      <controlfield tag="003">OCoLC</controlfield>
      <controlfield tag="005">20170420143212.0</controlfield>
      <controlfield tag="008">170420s2015    fr ab    b    001 0 fre d</controlfield>
      <datafield tag="020" ind1=" " ind2=" ">
         <subfield code="a">9782953865332</subfield>
         <subfield code="q">(paperback)</subfield>
      </datafield>
      <datafield tag="020" ind1=" " ind2=" ">
         <subfield code="a">2953865330</subfield>
         <subfield code="q">(paperback)</subfield>
      </datafield>
      <datafield tag="035" ind1=" " ind2=" ">
         <subfield code="a">(OCoLC)936034909</subfield>
         <subfield code="z">(OCoLC)938786476</subfield>
      </datafield>
      <datafield tag="040" ind1=" " ind2=" ">
         <subfield code="a">NLGGC</subfield>
         <subfield code="b">eng</subfield>
         <subfield code="e">rda</subfield>
         <subfield code="c">NLGGC</subfield>
         <subfield code="d">OCLCO</subfield>
         <subfield code="d">EQO</subfield>
         <subfield code="d">OCLCO</subfield>
         <subfield code="d">AUXAM</subfield>
         <subfield code="d">CGU</subfield>
         <subfield code="d">OCLCF</subfield>
         <subfield code="d">OCLCQ</subfield>
         <subfield code="d">JHE</subfield>
         <subfield code="d">ZYU</subfield>
      </datafield>
      <datafield tag="043" ind1=" " ind2=" ">
         <subfield code="a">a-iq---</subfield>
      </datafield>
      <datafield tag="050" ind1=" " ind2="4">
         <subfield code="a">DS70.5.B37</subfield>
         <subfield code="b">R43 2015</subfield>
      </datafield>
      <datafield tag="245" ind1="0" ind2="0">
         <subfield code="a">Recherches en Haute-Mésopotamie II :</subfield>
         <subfield code="b">mission archéologique de Bash Tapa (campagnes 2012-2013) et les enjeux de la recherche dans la région d'Erbil /</subfield>
         <subfield code="c">sous la direction de L. Marti, Ch. Nicolle &amp; K. Shawaly.</subfield>
      </datafield>
      <datafield tag="264" ind1=" " ind2="1">
         <subfield code="a">Paris :</subfield>
         <subfield code="b">SEPOA,</subfield>
         <subfield code="c">[2015]</subfield>
      </datafield>
      <datafield tag="300" ind1=" " ind2=" ">
         <subfield code="a">ix, 219 pages :</subfield>
         <subfield code="b">illustrations, maps ;</subfield>
         <subfield code="c">30 cm.</subfield>
      </datafield>
      <datafield tag="336" ind1=" " ind2=" ">
         <subfield code="a">text</subfield>
         <subfield code="b">txt</subfield>
         <subfield code="2">rdacontent</subfield>
      </datafield>
      <datafield tag="336" ind1=" " ind2=" ">
         <subfield code="a">still image</subfield>
         <subfield code="b">sti</subfield>
         <subfield code="2">rdacontent</subfield>
      </datafield>
      <datafield tag="337" ind1=" " ind2=" ">
         <subfield code="a">unmediated</subfield>
         <subfield code="b">n</subfield>
         <subfield code="2">rdamedia</subfield>
      </datafield>
      <datafield tag="338" ind1=" " ind2=" ">
         <subfield code="a">volume</subfield>
         <subfield code="b">nc</subfield>
         <subfield code="2">rdacarrier</subfield>
      </datafield>
      <datafield tag="490" ind1="1" ind2=" ">
         <subfield code="a">Mémoires de N.A.B.U. ;</subfield>
         <subfield code="v">17</subfield>
      </datafield>
      <datafield tag="504" ind1=" " ind2=" ">
         <subfield code="a">Includes bibliographical references and indexes.</subfield>
      </datafield>
      <datafield tag="505" ind1="0" ind2="0">
         <subfield code="g">1ère partie.</subfield>
         <subfield code="t">Perspectives sur les recherches historiques et archéologiques dans la plaine d'Erbil et ses environs.</subfield>
         <subfield code="t">Introduction /</subfield>
         <subfield code="r">Th. Römer --</subfield>
         <subfield code="t">Le mariage d'une princesse de Qabra avec un prince de Qaṭna /</subfield>
         <subfield code="r">D. Charpin --</subfield>
         <subfield code="t">Quelques remarques sur les Turukkéens au deuxième millénaire av. J.-C. /</subfield>
         <subfield code="r">K. Shawaly --</subfield>
         <subfield code="t">Kakmum et le Gutium /</subfield>
         <subfield code="r">N. Ziegler --</subfield>
         <subfield code="t">Les rapports entre les régions du Haut-Habur et de l'est du Tigre : le cas des deux Ida-maraṣ /</subfield>
         <subfield code="r">M. Guichard --</subfield>
         <subfield code="t">Témoignages sur un waqf de la région d'Irbil à l'époque de Saladin /</subfield>
         <subfield code="r">J.-M. Mouton, J. Sourdel-Thomine &amp; D. Sourdel --</subfield>
         <subfield code="t">Une collection de dirhams umayyades conservée au musée de Sulaymānīyah au Kurdistan irakien.</subfield>
         <subfield code="g">2ème partie.</subfield>
         <subfield code="t">Bash Tapa campagnes 2012-2013.</subfield>
         <subfield code="t">Étude géoarchéologique à Bash Tapa (Kurdistan irakien) : contexte et résultats préliminaires /</subfield>
         <subfield code="r">M. Frouin --</subfield>
         <subfield code="t">Premiers éclairages sur l'urbanisation du "triangle Assyrien" : implantation et morphologie des sites dans la région de Bash Tapa /</subfield>
         <subfield code="r">L. Marti &amp; Ch. Nicolle --</subfield>
         <subfield code="t">Bash Tapa 2013: le sondage stratigraphique 1 /</subfield>
         <subfield code="r">R. Angevin &amp; J. Mas --</subfield>
         <subfield code="t">Bash Tapa 2013: le sondage stratigraphique 2 /</subfield>
         <subfield code="r">L. Marti &amp; S. Vermeulen --</subfield>
         <subfield code="t">Bash Tapa 2013 : l'industrie lithique /</subfield>
         <subfield code="r">R. Angevin --</subfield>
         <subfield code="t">Premier aperçu du matériel céramique de Bash Tapa /</subfield>
         <subfield code="r">J. Mas --</subfield>
         <subfield code="t">Un sceau cylindre médio-assyrien découvert à Bash Tapa /</subfield>
         <subfield code="r">L. Marti.</subfield>
      </datafield>
      <datafield tag="650" ind1=" " ind2="0">
         <subfield code="a">Excavations (Archaeology)</subfield>
         <subfield code="z">Iraq</subfield>
         <subfield code="z">Irbīl (Province)</subfield>
      </datafield>
      <datafield tag="651" ind1=" " ind2="0">
         <subfield code="a">Irbīl (Iraq : Province)</subfield>
         <subfield code="x">Antiquities.</subfield>
      </datafield>
      <datafield tag="651" ind1=" " ind2="0">
         <subfield code="a">Kurdistān (Iraq)</subfield>
         <subfield code="x">Civilization.</subfield>
      </datafield>
      <datafield tag="651" ind1=" " ind2="0">
         <subfield code="a">Kurdistān (Iraq)</subfield>
         <subfield code="x">Antiquities.</subfield>
      </datafield>
      <datafield tag="651" ind1=" " ind2="7">
         <subfield code="a">Bash Tapa.</subfield>
         <subfield code="2">pleiades</subfield>
         <subfield code="0">https://pleiades.stoa.org/places/645892849</subfield>
      </datafield>
      <datafield tag="700" ind1="1" ind2=" ">
         <subfield code="a">Marti, Lionel.</subfield>
      </datafield>
      <datafield tag="700" ind1="1" ind2=" ">
         <subfield code="a">Nicolle, Christophe.</subfield>
      </datafield>
      <datafield tag="700" ind1="1" ind2=" ">
         <subfield code="a">Shawaly, K.</subfield>
      </datafield>
      <datafield tag="830" ind1=" " ind2="0">
         <subfield code="a">Mémoires de N.A.B.U. ;</subfield>
         <subfield code="v">17.</subfield>
      </datafield>
      <datafield tag="994" ind1=" " ind2=" ">
         <subfield code="a">Z0</subfield>
         <subfield code="b">ZYU</subfield>
      </datafield>
      <datafield tag="OWN" ind1=" " ind2=" ">
         <subfield code="a">GENERAL</subfield>
      </datafield>
      <datafield tag="AVA" ind1=" " ind2=" ">
         <subfield code="a">NYU50</subfield>
         <subfield code="b">NISAW</subfield>
         <subfield code="c">Large Collection</subfield>
         <subfield code="d">DS70.5.B37 R43 2015 Non-circulating</subfield>
         <subfield code="e">available</subfield>
         <subfield code="t">Available</subfield>
         <subfield code="f">1</subfield>
         <subfield code="g">0</subfield>
         <subfield code="h">N</subfield>
         <subfield code="i">0</subfield>
         <subfield code="j">LARGE</subfield>
         <subfield code="k">0</subfield>
      </datafield>
      <marc:datafield tag="852" ind1=" " ind2=" ">
         <marc:subfield code="b">Institute for the Study of the Ancient World, </marc:subfield>
         <marc:subfield code="c">Large Collection</marc:subfield>
         <marc:subfield code="e">15 East 84th St., </marc:subfield>
         <marc:subfield code="e">New York, NY  10028</marc:subfield>
      </marc:datafield>
   </record>