
  
  
  
  
  
  
  
  
  
  
  
  
 
  
  <record xsi:schemaLocation="http://www.loc.gov/MARC21/slim http://www.loc.gov/standards/marcxml/schema/MARC21slim.xsd">
      <leader>00000cam a2200373 a 4500</leader>
      <controlfield tag="FMT">BK</controlfield>
      <controlfield tag="LDR">00000cam a2200373 a 4500</controlfield>
      <controlfield tag="001">004955610</controlfield>
      <controlfield tag="003">OCoLC</controlfield>
      <controlfield tag="005">20170509154634.0</controlfield>
      <controlfield tag="008">170420s1992    fr af    b    000 0 fre d</controlfield>
      <datafield tag="035" ind1=" " ind2=" ">
         <subfield code="a">(OCoLC)32080494</subfield>
         <subfield code="z">(OCoLC)49941895</subfield>
      </datafield>
      <datafield tag="040" ind1=" " ind2=" ">
         <subfield code="a">JHE</subfield>
         <subfield code="b">eng</subfield>
         <subfield code="c">JHE</subfield>
         <subfield code="d">B9K</subfield>
         <subfield code="d">OCLCQ</subfield>
         <subfield code="d">JHE</subfield>
         <subfield code="d">OCLCQ</subfield>
         <subfield code="d">OCLCF</subfield>
         <subfield code="d">OCLCQ</subfield>
         <subfield code="d">ZYU</subfield>
      </datafield>
      <datafield tag="043" ind1=" " ind2=" ">
         <subfield code="a">a-sy---</subfield>
      </datafield>
      <datafield tag="050" ind1="1" ind2="4">
         <subfield code="a">DS99.T45</subfield>
         <subfield code="b">R43 1992</subfield>
      </datafield>
      <datafield tag="245" ind1="0" ind2="0">
         <subfield code="a">Recherches en Haute Mésopotamie, Tell Mohammed Diyab, campagnes 1990 et 1991 /</subfield>
         <subfield code="c">sous la direction de Jean-Marie Durand.</subfield>
      </datafield>
      <datafield tag="260" ind1=" " ind2=" ">
         <subfield code="a">Paris :</subfield>
         <subfield code="b">Société pour l'étude du Proche-Orient ancien,</subfield>
         <subfield code="c">1992.</subfield>
      </datafield>
      <datafield tag="300" ind1=" " ind2=" ">
         <subfield code="a">151 pages, viii pages of plates :</subfield>
         <subfield code="b">illustrations ;</subfield>
         <subfield code="c">30 cm +</subfield>
         <subfield code="e">1 microfiche.</subfield>
      </datafield>
      <datafield tag="336" ind1=" " ind2=" ">
         <subfield code="a">text</subfield>
         <subfield code="b">txt</subfield>
         <subfield code="2">rdacontent</subfield>
      </datafield>
      <datafield tag="337" ind1=" " ind2=" ">
         <subfield code="a">unmediated</subfield>
         <subfield code="b">n</subfield>
         <subfield code="2">rdamedia</subfield>
      </datafield>
      <datafield tag="338" ind1=" " ind2=" ">
         <subfield code="a">volume</subfield>
         <subfield code="b">nc</subfield>
         <subfield code="2">rdacarrier</subfield>
      </datafield>
      <datafield tag="490" ind1="1" ind2=" ">
         <subfield code="a">Mémoires de N.A.B.U. ;</subfield>
         <subfield code="v">2</subfield>
      </datafield>
      <datafield tag="500" ind1=" " ind2=" ">
         <subfield code="a">Some of illustrative matter inserted.</subfield>
      </datafield>
      <datafield tag="504" ind1=" " ind2=" ">
         <subfield code="a">Includes bibliographical references.</subfield>
      </datafield>
      <datafield tag="505" ind1="0" ind2="0">
         <subfield code="g">1ere ptie.</subfield>
         <subfield code="t">Tell Mohammaed Diyab, campagnes 1990 et 1991.</subfield>
         <subfield code="t">Les campagnes de 1990-1991 dans le secteur de la ville haute de Mohammed Diyab /</subfield>
         <subfield code="r">L. Bachelot and M. Sauvage --</subfield>
         <subfield code="t">L'utilisation de la voûte dans l'habitat à Mohammed Diyab /</subfield>
         <subfield code="r">M. Sauvage --</subfield>
         <subfield code="t">Une tombe construite du deuxième millénaire av. J.-C. à Mohammed Diyab /</subfield>
         <subfield code="r">L. Bachelot --</subfield>
         <subfield code="t">Explorations dans la ville basse de Mohammed Diyab /</subfield>
         <subfield code="r">C. Castel --</subfield>
         <subfield code="t">La céramique de Mohammed Diyab, 1990-1991 /</subfield>
         <subfield code="r">X. Faivre --</subfield>
         <subfield code="t">Une inscription grecque à Mohammed Diyab? /</subfield>
         <subfield code="r">P.-L. Gatier --</subfield>
         <subfield code="t">Quelques monnaies trouvées à Mohammed Diyab /</subfield>
         <subfield code="r">C. Augé.</subfield>
         <subfield code="g">2eme ptie.</subfield>
         <subfield code="t">Etudes régionales.</subfield>
         <subfield code="t">De la vallée du Tigre au "Triangle du Habur" : un engrenage géopolitique? /</subfield>
         <subfield code="r">D. Charpin --</subfield>
         <subfield code="t">Reconnaissance dans le Haut Habur : étude de la céramique /</subfield>
         <subfield code="r">B. Lyonnet --</subfield>
         <subfield code="t">Le tell d'Amouda /</subfield>
         <subfield code="r">X. Faivre.</subfield>
      </datafield>
      <datafield tag="651" ind1=" " ind2="0">
         <subfield code="a">Mohammed Diyab, Tell (Syria)</subfield>
         <subfield code="x">Antiquities.</subfield>
      </datafield>
      <datafield tag="650" ind1=" " ind2="0">
         <subfield code="a">Excavations (Archaeology)</subfield>
         <subfield code="z">Syria</subfield>
         <subfield code="z">Mohammed Diyab, Tell.</subfield>
      </datafield>
      <datafield tag="650" ind1=" " ind2="7">
         <subfield code="a">Antiquities.</subfield>
         <subfield code="2">fast</subfield>
         <subfield code="0">(OCoLC)fst00810745</subfield>
      </datafield>
      <datafield tag="650" ind1=" " ind2="7">
         <subfield code="a">Excavations (Archaeology)</subfield>
         <subfield code="2">fast</subfield>
         <subfield code="0">(OCoLC)fst00917564</subfield>
      </datafield>
      <datafield tag="651" ind1=" " ind2="7">
         <subfield code="a">Syria</subfield>
         <subfield code="z">Tell Mohammed Diyab.</subfield>
         <subfield code="2">fast</subfield>
         <subfield code="0">(OCoLC)fst01891662</subfield>
      </datafield>
      <datafield tag="651" ind1=" " ind2="7">
         <subfield code="a">Tell Mohammad Diyab.</subfield>
         <subfield code="2">pleiades</subfield>
         <subfield code="0">https://pleiades.stoa.org/places/957515415</subfield>
      </datafield>
      <datafield tag="700" ind1="1" ind2=" ">
         <subfield code="a">Durand, J.-M.</subfield>
      </datafield>
      <datafield tag="830" ind1=" " ind2="0">
         <subfield code="a">Mémoires de N.A.B.U. ;</subfield>
         <subfield code="v">2.</subfield>
      </datafield>
      <datafield tag="994" ind1=" " ind2=" ">
         <subfield code="a">Z0</subfield>
         <subfield code="b">ZYU</subfield>
      </datafield>
      <datafield tag="OWN" ind1=" " ind2=" ">
         <subfield code="a">GENERAL</subfield>
      </datafield>
      <datafield tag="AVA" ind1=" " ind2=" ">
         <subfield code="a">NYU50</subfield>
         <subfield code="b">NISAW</subfield>
         <subfield code="c">Large Collection</subfield>
         <subfield code="d">DS99.T45 R43 1992 Non-circulating</subfield>
         <subfield code="e">available</subfield>
         <subfield code="t">Available</subfield>
         <subfield code="f">1</subfield>
         <subfield code="g">0</subfield>
         <subfield code="h">N</subfield>
         <subfield code="i">0</subfield>
         <subfield code="j">LARGE</subfield>
         <subfield code="k">0</subfield>
      </datafield>
      <marc:datafield tag="852" ind1=" " ind2=" ">
         <marc:subfield code="b">Institute for the Study of the Ancient World, </marc:subfield>
         <marc:subfield code="c">Large Collection</marc:subfield>
         <marc:subfield code="e">15 East 84th St., </marc:subfield>
         <marc:subfield code="e">New York, NY  10028</marc:subfield>
      </marc:datafield>
   </record>