
  
  
  
  
  
  
  
  
  
 
  
  <record xsi:schemaLocation="http://www.loc.gov/MARC21/slim http://www.loc.gov/standards/marcxml/schema/MARC21slim.xsd">
      <leader>00000cam a22008414a 4500</leader>
      <controlfield tag="FMT">BK</controlfield>
      <controlfield tag="LDR">00000cam a22008414a 4500</controlfield>
      <controlfield tag="001">001012839</controlfield>
      <controlfield tag="003">OCoLC</controlfield>
      <controlfield tag="005">20170420160945.0</controlfield>
      <controlfield tag="006">m        d</controlfield>
      <controlfield tag="008">030326s2003    iluaf    b    001 0 eng</controlfield>
      <datafield tag="010" ind1=" " ind2=" ">
         <subfield code="a">2003104554</subfield>
      </datafield>
      <datafield tag="015" ind1=" " ind2=" ">
         <subfield code="a">GBA3V5486</subfield>
         <subfield code="2">bnb</subfield>
      </datafield>
      <datafield tag="020" ind1=" " ind2=" ">
         <subfield code="a">1885923244</subfield>
      </datafield>
      <datafield tag="020" ind1=" " ind2=" ">
         <subfield code="a">9781885923240</subfield>
      </datafield>
      <datafield tag="035" ind1=" " ind2=" ">
         <subfield code="a">(OCoLC)52783014</subfield>
      </datafield>
      <datafield tag="040" ind1=" " ind2=" ">
         <subfield code="a">DLC</subfield>
         <subfield code="b">eng</subfield>
         <subfield code="c">DLC</subfield>
         <subfield code="d">UKM</subfield>
         <subfield code="d">RBN</subfield>
         <subfield code="d">C#P</subfield>
         <subfield code="d">BAKER</subfield>
         <subfield code="d">BTCTA</subfield>
         <subfield code="d">YDXCP</subfield>
         <subfield code="d">OCLCG</subfield>
         <subfield code="d">IG#</subfield>
         <subfield code="d">UBY</subfield>
         <subfield code="d">GEBAY</subfield>
         <subfield code="d">OCLCQ</subfield>
         <subfield code="d">DEBBG</subfield>
         <subfield code="d">OCLCF</subfield>
         <subfield code="d">OCLCO</subfield>
         <subfield code="d">OCLCQ</subfield>
         <subfield code="d">OCL</subfield>
         <subfield code="d">OCLCQ</subfield>
         <subfield code="d">ZYU</subfield>
      </datafield>
      <datafield tag="041" ind1="0" ind2=" ">
         <subfield code="a">eng</subfield>
         <subfield code="a">sux</subfield>
      </datafield>
      <datafield tag="042" ind1=" " ind2=" ">
         <subfield code="a">pcc</subfield>
      </datafield>
      <datafield tag="043" ind1=" " ind2=" ">
         <subfield code="a">a-iq---</subfield>
      </datafield>
      <datafield tag="050" ind1="0" ind2="0">
         <subfield code="a">PJ4054.D8</subfield>
         <subfield code="b">H535 2003</subfield>
      </datafield>
      <datafield tag="050" ind1=" " ind2="4">
         <subfield code="a">DS70.5.D73</subfield>
         <subfield code="b">H55 2003</subfield>
      </datafield>
      <datafield tag="079" ind1=" " ind2=" ">
         <subfield code="a">(OCoLC)52783014</subfield>
      </datafield>
      <datafield tag="082" ind1="0" ind2="4">
         <subfield code="a">499.95</subfield>
         <subfield code="2">21</subfield>
      </datafield>
      <datafield tag="084" ind1=" " ind2=" ">
         <subfield code="a">6,11</subfield>
         <subfield code="2">ssgn</subfield>
      </datafield>
      <datafield tag="084" ind1=" " ind2=" ">
         <subfield code="a">6,12</subfield>
         <subfield code="2">ssgn</subfield>
      </datafield>
      <datafield tag="100" ind1="1" ind2=" ">
         <subfield code="a">Hilgert, Markus.</subfield>
      </datafield>
      <datafield tag="245" ind1="1" ind2="0">
         <subfield code="a">Drehem administrative documents from the reign of Amar-Suena /</subfield>
         <subfield code="c">by Markus Hilgert ; with contribution by Clemens D. Reichel.</subfield>
      </datafield>
      <datafield tag="260" ind1=" " ind2=" ">
         <subfield code="a">Chicago, Ill. :</subfield>
         <subfield code="b">Oriental Institute of the University of Chicago,</subfield>
         <subfield code="c">2003.</subfield>
      </datafield>
      <datafield tag="300" ind1=" " ind2=" ">
         <subfield code="a">xxxviii, 649 pages, 79 pages of plates :</subfield>
         <subfield code="b">illustrations ;</subfield>
         <subfield code="c">31 cm.</subfield>
      </datafield>
      <datafield tag="336" ind1=" " ind2=" ">
         <subfield code="a">text</subfield>
         <subfield code="b">txt</subfield>
         <subfield code="2">rdacontent</subfield>
      </datafield>
      <datafield tag="336" ind1=" " ind2=" ">
         <subfield code="a">still image</subfield>
         <subfield code="b">sti</subfield>
         <subfield code="2">rdacontent</subfield>
      </datafield>
      <datafield tag="337" ind1=" " ind2=" ">
         <subfield code="a">unmediated</subfield>
         <subfield code="b">n</subfield>
         <subfield code="2">rdamedia</subfield>
      </datafield>
      <datafield tag="338" ind1=" " ind2=" ">
         <subfield code="a">volume</subfield>
         <subfield code="b">nc</subfield>
         <subfield code="2">rdacarrier</subfield>
      </datafield>
      <datafield tag="490" ind1="1" ind2=" ">
         <subfield code="a">The University of Chicago Oriental Institute publications,</subfield>
         <subfield code="x">0069-3367 ;</subfield>
         <subfield code="v">v. 121</subfield>
      </datafield>
      <datafield tag="490" ind1="1" ind2=" ">
         <subfield code="a">Cuneiform texts from the Ur III period in the Oriental Institute ;</subfield>
         <subfield code="v">v. 2</subfield>
      </datafield>
      <datafield tag="500" ind1=" " ind2=" ">
         <subfield code="a">ISAW copy is from the library of David I. Owen.</subfield>
         <subfield code="5">NyNyUAW</subfield>
      </datafield>
      <datafield tag="546" ind1=" " ind2=" ">
         <subfield code="a">Sumerian texts in cuneiform and transliteration; commentary in English.</subfield>
      </datafield>
      <datafield tag="504" ind1=" " ind2=" ">
         <subfield code="a">Includes bibliographical references (pages xxxiii-xxxviii) and indexes.</subfield>
      </datafield>
      <datafield tag="650" ind1=" " ind2="0">
         <subfield code="a">Sumerian language</subfield>
         <subfield code="v">Texts.</subfield>
      </datafield>
      <datafield tag="651" ind1=" " ind2="0">
         <subfield code="a">Drehem (Extinct city)</subfield>
         <subfield code="x">Politics and government</subfield>
         <subfield code="v">Sources.</subfield>
      </datafield>
      <datafield tag="600" ind1="0" ind2="0">
         <subfield code="a">Amar-Suena,</subfield>
         <subfield code="c">King of Ur.</subfield>
      </datafield>
      <datafield tag="650" ind1=" " ind2="0">
         <subfield code="a">Cuneiform tablets</subfield>
         <subfield code="z">Iraq</subfield>
         <subfield code="z">Drehem (Extinct city)</subfield>
      </datafield>
      <datafield tag="651" ind1=" " ind2="7">
         <subfield code="a">Puzriš-Dagan.</subfield>
         <subfield code="2">pleiades</subfield>
         <subfield code="0">https://pleiades.stoa.org/places/211425283</subfield>
      </datafield>
      <datafield tag="600" ind1="0" ind2="7">
         <subfield code="a">Amar-Suena,</subfield>
         <subfield code="c">King of Ur.</subfield>
         <subfield code="2">fast</subfield>
         <subfield code="0">(OCoLC)fst00499879</subfield>
      </datafield>
      <datafield tag="650" ind1=" " ind2="7">
         <subfield code="a">Politics and government.</subfield>
         <subfield code="2">fast</subfield>
         <subfield code="0">(OCoLC)fst01919741</subfield>
      </datafield>
      <datafield tag="650" ind1=" " ind2="7">
         <subfield code="a">Sumerian language.</subfield>
         <subfield code="2">fast</subfield>
         <subfield code="0">(OCoLC)fst01138450</subfield>
      </datafield>
      <datafield tag="651" ind1=" " ind2="7">
         <subfield code="a">Iraq</subfield>
         <subfield code="z">Drehem (Extinct city)</subfield>
         <subfield code="2">fast</subfield>
         <subfield code="0">(OCoLC)fst01897058</subfield>
      </datafield>
      <datafield tag="610" ind1="2" ind2="7">
         <subfield code="a">Oriental Institute (Chicago, Ill.)</subfield>
         <subfield code="0">(DE-588)1004227-1</subfield>
         <subfield code="2">gnd</subfield>
      </datafield>
      <datafield tag="650" ind1="0" ind2="7">
         <subfield code="a">Keilschrifttext.</subfield>
         <subfield code="0">(DE-588)4130946-7</subfield>
         <subfield code="2">gnd</subfield>
      </datafield>
      <datafield tag="651" ind1=" " ind2="7">
         <subfield code="a">Puzriš-Dagan.</subfield>
         <subfield code="0">(DE-588)4475468-1</subfield>
         <subfield code="2">gnd</subfield>
      </datafield>
      <datafield tag="610" ind1="1" ind2="7">
         <subfield code="a">Chicago (Ill.)</subfield>
         <subfield code="x">Oriental Institute.</subfield>
         <subfield code="2">swd</subfield>
      </datafield>
      <datafield tag="648" ind1=" " ind2="4">
         <subfield code="a">Geschichte 2046 v. Chr.-2038 v. Chr.</subfield>
      </datafield>
      <datafield tag="655" ind1=" " ind2="7">
         <subfield code="a">Sources.</subfield>
         <subfield code="2">fast</subfield>
         <subfield code="0">(OCoLC)fst01423900</subfield>
      </datafield>
      <datafield tag="655" ind1=" " ind2="7">
         <subfield code="a">Texts.</subfield>
         <subfield code="2">fast</subfield>
         <subfield code="0">(OCoLC)fst01423705</subfield>
      </datafield>
      <datafield tag="700" ind1="1" ind2=" ">
         <subfield code="a">Owen, David I.,</subfield>
         <subfield code="e">former owner.</subfield>
         <subfield code="5">NyNyUAW</subfield>
      </datafield>
      <datafield tag="740" ind1="0" ind2=" ">
         <subfield code="a">Owen Collection.</subfield>
         <subfield code="5">NyNyUAW</subfield>
      </datafield>
      <datafield tag="700" ind1="1" ind2=" ">
         <subfield code="a">Reichel, Clemens D.</subfield>
      </datafield>
      <datafield tag="776" ind1="0" ind2="8">
         <subfield code="i">Online version:</subfield>
         <subfield code="a">Hilgert, Markus.</subfield>
         <subfield code="t">Drehem administrative documents from the reign of Amar-Suena.</subfield>
         <subfield code="d">Chicago, Ill. : Oriental Institute of the University of Chicago, 2003</subfield>
         <subfield code="w">(OCoLC)681874397</subfield>
      </datafield>
      <datafield tag="830" ind1=" " ind2="0">
         <subfield code="a">University of Chicago Oriental Institute publications ;</subfield>
         <subfield code="v">v. 121.</subfield>
         <subfield code="x">0069-3367</subfield>
      </datafield>
      <datafield tag="830" ind1=" " ind2="0">
         <subfield code="a">Cuneiform texts from the Ur III period in the Oriental Institute ;</subfield>
         <subfield code="v">v. 2.</subfield>
      </datafield>
      <datafield tag="856" ind1="4" ind2=" ">
         <subfield code="3">Volltext</subfield>
         <subfield code="u">http://oi.uchicago.edu/pdf/OIP121.pdf</subfield>
         <subfield code="x">Verlag</subfield>
         <subfield code="z">kostenfrei</subfield>
      </datafield>
      <datafield tag="OWN" ind1=" " ind2=" ">
         <subfield code="a">GENERAL</subfield>
      </datafield>
      <datafield tag="AVA" ind1=" " ind2=" ">
         <subfield code="a">NYU50</subfield>
         <subfield code="b">BOBST</subfield>
         <subfield code="c">Main Collection</subfield>
         <subfield code="d">PJ4054.D8 H55 2003 Oversize</subfield>
         <subfield code="e">available</subfield>
         <subfield code="t">Available</subfield>
         <subfield code="f">1</subfield>
         <subfield code="g">0</subfield>
         <subfield code="h">N</subfield>
         <subfield code="i">0</subfield>
         <subfield code="j">MAIN</subfield>
         <subfield code="k">0</subfield>
      </datafield>
      <datafield tag="AVA" ind1=" " ind2=" ">
         <subfield code="a">NYU50</subfield>
         <subfield code="b">NIFA</subfield>
         <subfield code="c">Main Collection</subfield>
         <subfield code="d">PJ4054.D8 H55 2003 Non-circulating</subfield>
         <subfield code="e">unavailable</subfield>
         <subfield code="t">Unavailable</subfield>
         <subfield code="f">1</subfield>
         <subfield code="g">1</subfield>
         <subfield code="h">N</subfield>
         <subfield code="i">0</subfield>
         <subfield code="j">MAIN</subfield>
         <subfield code="k">0</subfield>
      </datafield>
      <datafield tag="AVA" ind1=" " ind2=" ">
         <subfield code="a">NYU50</subfield>
         <subfield code="b">NISAW</subfield>
         <subfield code="c">Oversize Collection</subfield>
         <subfield code="d">PJ4054.D8 H535 2003 Non-circulating</subfield>
         <subfield code="e">available</subfield>
         <subfield code="t">Available</subfield>
         <subfield code="f">1</subfield>
         <subfield code="g">0</subfield>
         <subfield code="h">N</subfield>
         <subfield code="i">0</subfield>
         <subfield code="j">OVERZ</subfield>
         <subfield code="k">0</subfield>
      </datafield>
      <marc:datafield tag="852" ind1=" " ind2=" ">
         <marc:subfield code="b">Institute for the Study of the Ancient World, </marc:subfield>
         <marc:subfield code="c">Oversize Collection</marc:subfield>
         <marc:subfield code="e">15 East 84th St., </marc:subfield>
         <marc:subfield code="e">New York, NY  10028</marc:subfield>
      </marc:datafield>
   </record>