
  
  
  
  
  
  
  
  
  
  
 
  
  <record xsi:schemaLocation="http://www.loc.gov/MARC21/slim http://www.loc.gov/standards/marcxml/schema/MARC21slim.xsd">
      <leader>00000nam a2200289 a 4500</leader>
      <controlfield tag="FMT">BK</controlfield>
      <controlfield tag="LDR">00000nam a2200289 a 4500</controlfield>
      <controlfield tag="001">001989615</controlfield>
      <controlfield tag="003">NNU</controlfield>
      <controlfield tag="005">20170522110328.0</controlfield>
      <controlfield tag="008">920213s1988    it ab    b    001 0 ita</controlfield>
      <datafield tag="010" ind1=" " ind2=" ">
         <subfield code="a">88202064</subfield>
      </datafield>
      <datafield tag="020" ind1=" " ind2=" ">
         <subfield code="z">8842032662 :</subfield>
         <subfield code="c">L85000</subfield>
      </datafield>
      <datafield tag="035" ind1=" " ind2=" ">
         <subfield code="a">(CStRLIN)NYUG92-B7380</subfield>
      </datafield>
      <datafield tag="035" ind1=" " ind2=" ">
         <subfield code="a">GLIS009374978</subfield>
      </datafield>
      <datafield tag="035" ind1="9" ind2=" ">
         <subfield code="a">NYUb10937497</subfield>
      </datafield>
      <datafield tag="040" ind1=" " ind2=" ">
         <subfield code="a">DLC</subfield>
         <subfield code="c">DLC</subfield>
         <subfield code="d">NNU</subfield>
      </datafield>
      <datafield tag="043" ind1=" " ind2=" ">
         <subfield code="a">aw-----</subfield>
      </datafield>
      <datafield tag="050" ind1="0" ind2=" ">
         <subfield code="a">DS62.23</subfield>
         <subfield code="b">.L58 1988</subfield>
      </datafield>
      <datafield tag="079" ind1=" " ind2=" ">
         <subfield code="a">(OCoLC)20168148</subfield>
      </datafield>
      <datafield tag="082" ind1="0" ind2=" ">
         <subfield code="a">939/.4</subfield>
         <subfield code="2">20</subfield>
      </datafield>
      <datafield tag="100" ind1="1" ind2=" ">
         <subfield code="a">Liverani, Mario.</subfield>
      </datafield>
      <datafield tag="245" ind1="1" ind2="0">
         <subfield code="a">Antico Oriente :</subfield>
         <subfield code="b">storia, società, economia /</subfield>
         <subfield code="c">Mario Liverani.</subfield>
      </datafield>
      <datafield tag="260" ind1=" " ind2=" ">
         <subfield code="a">Roma :</subfield>
         <subfield code="b">Laterza,</subfield>
         <subfield code="c">1988.</subfield>
      </datafield>
      <datafield tag="300" ind1=" " ind2=" ">
         <subfield code="a">x, 1031 p. :</subfield>
         <subfield code="b">ill., maps ;</subfield>
         <subfield code="c">21 cm.</subfield>
      </datafield>
      <datafield tag="490" ind1="1" ind2=" ">
         <subfield code="a">Collezione storica</subfield>
      </datafield>
      <datafield tag="500" ind1=" " ind2=" ">
         <subfield code="a">ISAW copy is from the library of David I. Owen.</subfield>
         <subfield code="5">NyNyUAW</subfield>
      </datafield>
      <datafield tag="504" ind1=" " ind2=" ">
         <subfield code="a">Bibliography: p. [951]-999.</subfield>
      </datafield>
      <datafield tag="501" ind1=" " ind2=" ">
         <subfield code="a">Includes indexes.</subfield>
      </datafield>
      <datafield tag="505" ind1="0" ind2="0">
         <subfield code="g">Parte Prima.</subfield>
         <subfield code="t">Introduzione.</subfield>
         <subfield code="t">L'antico Oriente come problema storico --</subfield>
         <subfield code="t">I caratteri originali --</subfield>
         <subfield code="t">Le premesse neolitiche e calcolitiche.</subfield>
         <subfield code="g">Parte seconda.</subfield>
         <subfield code="t">L'antica età del Bronzo.</subfield>
         <subfield code="t">La rivoluzione urbana --</subfield>
         <subfield code="t">Diffusione e crisi della prima urbanizzazione --</subfield>
         <subfield code="t">La Mesopotamia proto-dinastica --</subfield>
         <subfield code="t">Il mondo di Ebla --</subfield>
         <subfield code="t">L'impero di Akkad --</subfield>
         <subfield code="t">L'età neo-sumerica.</subfield>
         <subfield code="g">Parte Terza.</subfield>
         <subfield code="t">La media età del Bronzo.</subfield>
         <subfield code="t">La crisi della seconda urbanizzazione --</subfield>
         <subfield code="t">Il "periodo intermedio" di Isin e Larsa --</subfield>
         <subfield code="t">Lo Stato e i commerci paleo-assiri --</subfield>
         <subfield code="t">L'età di Mari --</subfield>
         <subfield code="t">Hammurabi di Babilonia --</subfield>
         <subfield code="t">L'Anatolia antico-hittita. Parte Quarta.</subfield>
         <subfield code="t">La tarda età del Bronzo.</subfield>
         <subfield code="t">Tecnologia e ideologia del Tardo Bronzo --</subfield>
         <subfield code="t">L'egemonia mitannica --</subfield>
         <subfield code="t">L'impero hittita --</subfield>
         <subfield code="t">La Siria-Palestina del Tardo Bronzo --</subfield>
         <subfield code="t">Il regno medio-assiro --</subfield>
         <subfield code="t">La Babilonia cassita.</subfield>
         <subfield code="t">Parte Quinta.</subfield>
         <subfield code="t">La prima età del Ferro.</subfield>
         <subfield code="t">Crisi e ristrutturazione --</subfield>
         <subfield code="t">Israele --</subfield>
         <subfield code="t">I Fenici --</subfield>
         <subfield code="t">Gli Aramei in Siria e in Mesopotamia --</subfield>
         <subfield code="t">Gli Stati neo-hittiti --</subfield>
         <subfield code="t">Assiria, Babilonia, Elam (XII-IX secolo).</subfield>
         <subfield code="g">Parte sesta.</subfield>
         <subfield code="t">Gli imperi e l'unificazione --</subfield>
         <subfield code="t">Lo sviluppo dell'impero neo-assiro --</subfield>
         <subfield code="t">La struttura dell'impero neo-assiro --</subfield>
         <subfield code="t">La periferia dell'impero --</subfield>
         <subfield code="t">Il collasso dell'impero, i Caldei --</subfield>
         <subfield code="t">I Medi e l'unificazione persiana.</subfield>
      </datafield>
      <datafield tag="651" ind1=" " ind2="0">
         <subfield code="a">Middle East</subfield>
         <subfield code="x">History</subfield>
         <subfield code="y">To 622.</subfield>
      </datafield>
      <datafield tag="700" ind1="1" ind2=" ">
         <subfield code="a">Owen, David I.,</subfield>
         <subfield code="e">former owner.</subfield>
         <subfield code="5">NyNyUAW</subfield>
      </datafield>
      <datafield tag="740" ind1="0" ind2=" ">
         <subfield code="a">Owen Collection.</subfield>
         <subfield code="5">NyNyUAW</subfield>
      </datafield>
      <datafield tag="830" ind1=" " ind2="0">
         <subfield code="a">Collezione storica (Editori Laterza)</subfield>
      </datafield>
      <datafield tag="OWN" ind1=" " ind2=" ">
         <subfield code="a">GENERAL</subfield>
      </datafield>
      <datafield tag="998" ind1=" " ind2=" ">
         <subfield code="a">02/13/92</subfield>
         <subfield code="t">c</subfield>
         <subfield code="s">9110</subfield>
         <subfield code="n">NNU</subfield>
         <subfield code="w">DCLC88202064B</subfield>
         <subfield code="d">02/13/92</subfield>
         <subfield code="b">EI</subfield>
         <subfield code="i">920213</subfield>
         <subfield code="l">NYUG</subfield>
      </datafield>
      <datafield tag="AVA" ind1=" " ind2=" ">
         <subfield code="a">NYU50</subfield>
         <subfield code="b">BOBST</subfield>
         <subfield code="c">Main Collection</subfield>
         <subfield code="d">DS62.23 .L58 1988</subfield>
         <subfield code="e">unavailable</subfield>
         <subfield code="t">Unavailable</subfield>
         <subfield code="f">1</subfield>
         <subfield code="g">1</subfield>
         <subfield code="h">N</subfield>
         <subfield code="i">7</subfield>
         <subfield code="j">MAIN</subfield>
         <subfield code="k">0</subfield>
      </datafield>
      <datafield tag="AVA" ind1=" " ind2=" ">
         <subfield code="a">NYU50</subfield>
         <subfield code="b">NIFA</subfield>
         <subfield code="c">Main Collection</subfield>
         <subfield code="d">DS62.23 .L58 1988 Non-circulating</subfield>
         <subfield code="e">unavailable</subfield>
         <subfield code="t">Unavailable</subfield>
         <subfield code="f">1</subfield>
         <subfield code="g">1</subfield>
         <subfield code="h">N</subfield>
         <subfield code="i">0</subfield>
         <subfield code="j">MAIN</subfield>
         <subfield code="k">0</subfield>
      </datafield>
      <datafield tag="AVA" ind1=" " ind2=" ">
         <subfield code="a">NYU50</subfield>
         <subfield code="b">NISAW</subfield>
         <subfield code="c">Small Collection</subfield>
         <subfield code="d">DS62.23 .L58 1988 Non-circulating</subfield>
         <subfield code="e">available</subfield>
         <subfield code="t">Available</subfield>
         <subfield code="f">1</subfield>
         <subfield code="g">0</subfield>
         <subfield code="h">N</subfield>
         <subfield code="i">0</subfield>
         <subfield code="j">SMALL</subfield>
         <subfield code="k">0</subfield>
      </datafield>
      <marc:datafield tag="852" ind1=" " ind2=" ">
         <marc:subfield code="b">Institute for the Study of the Ancient World, </marc:subfield>
         <marc:subfield code="c">Small Collection</marc:subfield>
         <marc:subfield code="e">15 East 84th St., </marc:subfield>
         <marc:subfield code="e">New York, NY  10028</marc:subfield>
      </marc:datafield>
   </record>