
  
  
  
  
  
  
  
  
  
  
  
  
  
  
  
 
  
  <record xsi:schemaLocation="http://www.loc.gov/MARC21/slim http://www.loc.gov/standards/marcxml/schema/MARC21slim.xsd">
      <leader>00000cam a22     Ii 4500</leader>
      <controlfield tag="FMT">BK</controlfield>
      <controlfield tag="LDR">00000cam a22     Ii 4500</controlfield>
      <controlfield tag="001">004977627</controlfield>
      <controlfield tag="005">20170524165830.0</controlfield>
      <controlfield tag="008">091203s2008    xv a   f bc   000 0 eng d</controlfield>
      <datafield tag="016" ind1="7" ind2=" ">
         <subfield code="a">015698803</subfield>
         <subfield code="2">Uk</subfield>
      </datafield>
      <datafield tag="020" ind1=" " ind2=" ">
         <subfield code="a">9789616157339</subfield>
      </datafield>
      <datafield tag="020" ind1=" " ind2=" ">
         <subfield code="a">9616157337</subfield>
      </datafield>
      <datafield tag="035" ind1=" " ind2=" ">
         <subfield code="a">(OCoLC)472468323</subfield>
      </datafield>
      <datafield tag="040" ind1=" " ind2=" ">
         <subfield code="a">IXA</subfield>
         <subfield code="b">eng</subfield>
         <subfield code="e">rda</subfield>
         <subfield code="c">IXA</subfield>
         <subfield code="d">UKMGB</subfield>
         <subfield code="d">OCLCQ</subfield>
         <subfield code="d">OCLCF</subfield>
         <subfield code="d">OCLCO</subfield>
         <subfield code="d">ZYU</subfield>
      </datafield>
      <datafield tag="041" ind1="1" ind2=" ">
         <subfield code="a">eng</subfield>
         <subfield code="h">hun</subfield>
      </datafield>
      <datafield tag="043" ind1=" " ind2=" ">
         <subfield code="a">f-ua---</subfield>
      </datafield>
      <datafield tag="050" ind1=" " ind2="4">
         <subfield code="a">DT59.L78</subfield>
         <subfield code="b">T57 2008</subfield>
      </datafield>
      <datafield tag="100" ind1="1" ind2=" ">
         <subfield code="a">Tiradritti, Francesco,</subfield>
         <subfield code="e">author,</subfield>
         <subfield code="e">curator.</subfield>
      </datafield>
      <datafield tag="245" ind1="1" ind2="0">
         <subfield code="a">Pharaonic Renaissance :</subfield>
         <subfield code="b">archaism and the sense of history : Cankarjev dom, 4th March - 20th July 2008 /</subfield>
         <subfield code="c">by Francesco Tiradritti ; [translations Sonia Guss and others].</subfield>
      </datafield>
      <datafield tag="264" ind1=" " ind2="1">
         <subfield code="a">Ljubljana :</subfield>
         <subfield code="b">Cankarjev dom, kulturni in kongresni center,</subfield>
         <subfield code="c">[2008].</subfield>
      </datafield>
      <datafield tag="300" ind1=" " ind2=" ">
         <subfield code="a">239 pages :</subfield>
         <subfield code="b">illustrations ;</subfield>
         <subfield code="c">26 cm</subfield>
      </datafield>
      <datafield tag="336" ind1=" " ind2=" ">
         <subfield code="a">text</subfield>
         <subfield code="b">txt</subfield>
         <subfield code="2">rdacontent</subfield>
      </datafield>
      <datafield tag="336" ind1=" " ind2=" ">
         <subfield code="a">still image</subfield>
         <subfield code="b">sti</subfield>
         <subfield code="2">rdacontent</subfield>
      </datafield>
      <datafield tag="337" ind1=" " ind2=" ">
         <subfield code="a">unmediated</subfield>
         <subfield code="b">n</subfield>
         <subfield code="2">rdamedia</subfield>
      </datafield>
      <datafield tag="338" ind1=" " ind2=" ">
         <subfield code="a">volume</subfield>
         <subfield code="b">nc</subfield>
         <subfield code="2">rdacarrier</subfield>
      </datafield>
      <datafield tag="500" ind1=" " ind2=" ">
         <subfield code="a">Catalog of an exhibition held at Cankarjev dom Ljubljana, March 4, - July 20, 2008.</subfield>
      </datafield>
      <datafield tag="504" ind1=" " ind2=" ">
         <subfield code="a">Includes bibliographical references (pages 214-229).</subfield>
      </datafield>
      <datafield tag="505" ind1="0" ind2="0">
         <subfield code="t">Introduction.</subfield>
         <subfield code="t">Renaissance, Archaism, Sense of History /</subfield>
         <subfield code="r">Francesco Tiradritti --</subfield>
         <subfield code="t">The Sense of History in Ancient Egypt /</subfield>
         <subfield code="r">Loredana Sist --</subfield>
         <subfield code="t">Continuity /</subfield>
         <subfield code="r">Dietrich Wildung.</subfield>
         <subfield code="t">The Classic Periods of the Egyptian History.</subfield>
         <subfield code="t">The Old Kingdom /</subfield>
         <subfield code="r">Guillemette Andreu --</subfield>
         <subfield code="t">The Middle Kingdom, Egypt's "Golden Age" /</subfield>
         <subfield code="r">Sylvia Schoske --</subfield>
         <subfield code="t">The Past Between Charm and Refusal : Archaic Phenomena during the New Kingdom /</subfield>
         <subfield code="r">Silvia Einaudi.</subfield>
         <subfield code="t">The Egyptian Renaissance.</subfield>
         <subfield code="t">Past Imperfect : Attitudes toward the Past in the Third Intermediate Period /</subfield>
         <subfield code="r">Éva Liptay --</subfield>
         <subfield code="t">Twenty-fifth and Twenty-sixth Dynasties /</subfield>
         <subfield code="r">Elena PIshikova --</subfield>
         <subfield code="t">Changes in Funerary Religion in the Twenty-Fifth and Twenty-Sixth Dynasties /</subfield>
         <subfield code="r">John H. Taylor --</subfield>
         <subfield code="t">The Burial Furniture of Tjes-ra-peret, the Wet Nurse to Taharqo's Daughter /</subfield>
         <subfield code="r">Maria Christina Guidotti.</subfield>
         <subfield code="t">Renaissance of the Renaissance.</subfield>
         <subfield code="t">Last Indigenous Dynasties and the Ptolemaic Period /</subfield>
         <subfield code="r">Alessia Fassone.</subfield>
         <subfield code="t">The Reception of the Egyptian Civilisation in the European Culture.</subfield>
         <subfield code="t">The Art of Ancient Egypt : Rebirth and Rediscovery /</subfield>
         <subfield code="r">Alfred Grimm --</subfield>
         <subfield code="t">Knight Anton von Laurin (1789-1869) /</subfield>
         <subfield code="r">Regina Hölzl.</subfield>
      </datafield>
      <datafield tag="651" ind1=" " ind2="0">
         <subfield code="a">Egypt</subfield>
         <subfield code="x">Civilization</subfield>
         <subfield code="y">To 332 B.C.</subfield>
         <subfield code="v">Exhibitions.</subfield>
      </datafield>
      <datafield tag="651" ind1=" " ind2="0">
         <subfield code="a">Egypt</subfield>
         <subfield code="x">Antiquities</subfield>
         <subfield code="v">Exhibitions.</subfield>
      </datafield>
      <datafield tag="651" ind1=" " ind2="7">
         <subfield code="a">Aegyptus.</subfield>
         <subfield code="2">pleiades</subfield>
         <subfield code="0">https://pleiades.stoa.org/places/981503</subfield>
         <subfield code="5">NyNyUAW</subfield>
      </datafield>
      <datafield tag="650" ind1=" " ind2="7">
         <subfield code="a">Antiquities.</subfield>
         <subfield code="2">fast</subfield>
         <subfield code="0">(OCoLC)fst00810745</subfield>
      </datafield>
      <datafield tag="650" ind1=" " ind2="7">
         <subfield code="a">Civilization.</subfield>
         <subfield code="2">fast</subfield>
         <subfield code="0">(OCoLC)fst00862898</subfield>
      </datafield>
      <datafield tag="651" ind1=" " ind2="7">
         <subfield code="a">Egypt.</subfield>
         <subfield code="2">fast</subfield>
         <subfield code="0">(OCoLC)fst01208755</subfield>
      </datafield>
      <datafield tag="648" ind1=" " ind2="7">
         <subfield code="a">To 332 B.C.</subfield>
         <subfield code="2">fast</subfield>
      </datafield>
      <datafield tag="655" ind1=" " ind2="7">
         <subfield code="a">Exhibition catalogs.</subfield>
         <subfield code="2">fast</subfield>
         <subfield code="0">(OCoLC)fst01424028</subfield>
      </datafield>
      <datafield tag="700" ind1="1" ind2=" ">
         <subfield code="a">Guss, Sonia,</subfield>
         <subfield code="e">translator.</subfield>
      </datafield>
      <datafield tag="710" ind1="2" ind2=" ">
         <subfield code="a">Cankarjev dom Ljubljana,</subfield>
         <subfield code="e">host institution.</subfield>
      </datafield>
      <datafield tag="OWN" ind1=" " ind2=" ">
         <subfield code="a">GENERAL</subfield>
      </datafield>
      <datafield tag="AVA" ind1=" " ind2=" ">
         <subfield code="a">NYU50</subfield>
         <subfield code="b">NISAW</subfield>
         <subfield code="c">Large Collection</subfield>
         <subfield code="d">DT59.L78 T57 2008 Non-circulating</subfield>
         <subfield code="e">available</subfield>
         <subfield code="t">Available</subfield>
         <subfield code="f">1</subfield>
         <subfield code="g">0</subfield>
         <subfield code="h">N</subfield>
         <subfield code="i">0</subfield>
         <subfield code="j">LARGE</subfield>
         <subfield code="k">0</subfield>
      </datafield>
      <marc:datafield tag="852" ind1=" " ind2=" ">
         <marc:subfield code="b">Institute for the Study of the Ancient World, </marc:subfield>
         <marc:subfield code="c">Large Collection</marc:subfield>
         <marc:subfield code="e">15 East 84th St., </marc:subfield>
         <marc:subfield code="e">New York, NY  10028</marc:subfield>
      </marc:datafield>
   </record>