
  
  
  
  
  
  
  
  
  
  
  
 
  
  <record xsi:schemaLocation="http://www.loc.gov/MARC21/slim http://www.loc.gov/standards/marcxml/schema/MARC21slim.xsd">
      <leader>00000cam a22     Ii 4500</leader>
      <controlfield tag="FMT">BK</controlfield>
      <controlfield tag="LDR">00000cam a22     Ii 4500</controlfield>
      <controlfield tag="001">004977664</controlfield>
      <controlfield tag="005">20170428160822.0</controlfield>
      <controlfield tag="008">170424t20172017enkab    b    000 0 eng d</controlfield>
      <datafield tag="020" ind1=" " ind2=" ">
         <subfield code="a">9781784915421</subfield>
         <subfield code="q">(paperback)</subfield>
      </datafield>
      <datafield tag="020" ind1=" " ind2=" ">
         <subfield code="a">1784915424</subfield>
         <subfield code="q">(paperback)</subfield>
      </datafield>
      <datafield tag="020" ind1=" " ind2=" ">
         <subfield code="z">9781784915438</subfield>
         <subfield code="q">(e-Pdf)</subfield>
      </datafield>
      <datafield tag="035" ind1=" " ind2=" ">
         <subfield code="a">(OCoLC)973919380</subfield>
         <subfield code="z">(OCoLC)973906383</subfield>
         <subfield code="z">(OCoLC)974016654</subfield>
         <subfield code="z">(OCoLC)974359446</subfield>
         <subfield code="z">(OCoLC)974484964</subfield>
         <subfield code="z">(OCoLC)974543890</subfield>
         <subfield code="z">(OCoLC)974689088</subfield>
         <subfield code="z">(OCoLC)974707521</subfield>
         <subfield code="z">(OCoLC)974735953</subfield>
         <subfield code="z">(OCoLC)974956297</subfield>
         <subfield code="z">(OCoLC)975036655</subfield>
         <subfield code="z">(OCoLC)975106230</subfield>
      </datafield>
      <datafield tag="040" ind1=" " ind2=" ">
         <subfield code="a">BTCTA</subfield>
         <subfield code="b">eng</subfield>
         <subfield code="e">rda</subfield>
         <subfield code="c">BTCTA</subfield>
         <subfield code="d">YDX</subfield>
         <subfield code="d">CDX</subfield>
         <subfield code="d">UAB</subfield>
         <subfield code="d">ZYU</subfield>
      </datafield>
      <datafield tag="041" ind1="0" ind2=" ">
         <subfield code="a">eng</subfield>
         <subfield code="a">spa</subfield>
      </datafield>
      <datafield tag="043" ind1=" " ind2=" ">
         <subfield code="a">e-ne---</subfield>
         <subfield code="a">ff-----</subfield>
         <subfield code="a">e------</subfield>
         <subfield code="a">aw-----</subfield>
      </datafield>
      <datafield tag="050" ind1=" " ind2="4">
         <subfield code="a">NK4650.A6</subfield>
         <subfield code="b">A48 2017</subfield>
      </datafield>
      <datafield tag="082" ind1="0" ind2="4">
         <subfield code="a">738.3/8093692</subfield>
         <subfield code="2">23</subfield>
      </datafield>
      <datafield tag="245" ind1="0" ind2="0">
         <subfield code="a">Amphorae from the Kops Plateau (Nijmegen) :</subfield>
         <subfield code="b">trade and supply to the lower-Rhineland from the Augustan Period to AD 69/70 /</subfield>
         <subfield code="c">edited by C. Carreras and J. van den Berg.</subfield>
      </datafield>
      <datafield tag="264" ind1=" " ind2="1">
         <subfield code="a">Oxford :</subfield>
         <subfield code="b">Archaeopress Publishing Ltd,</subfield>
         <subfield code="c">2017.</subfield>
      </datafield>
      <datafield tag="264" ind1=" " ind2="4">
         <subfield code="c">©2017</subfield>
      </datafield>
      <datafield tag="300" ind1=" " ind2=" ">
         <subfield code="a">x, 403 pages :</subfield>
         <subfield code="b">illustrations (some color), maps (some color) ;</subfield>
         <subfield code="c">30 cm.</subfield>
      </datafield>
      <datafield tag="336" ind1=" " ind2=" ">
         <subfield code="a">text</subfield>
         <subfield code="b">txt</subfield>
         <subfield code="2">rdacontent</subfield>
      </datafield>
      <datafield tag="336" ind1=" " ind2=" ">
         <subfield code="a">still image</subfield>
         <subfield code="b">sti</subfield>
         <subfield code="2">rdacontent</subfield>
      </datafield>
      <datafield tag="337" ind1=" " ind2=" ">
         <subfield code="a">unmediated</subfield>
         <subfield code="b">n</subfield>
         <subfield code="2">rdamedia</subfield>
      </datafield>
      <datafield tag="338" ind1=" " ind2=" ">
         <subfield code="a">volume</subfield>
         <subfield code="b">nc</subfield>
         <subfield code="2">rdacarrier</subfield>
      </datafield>
      <datafield tag="490" ind1="1" ind2=" ">
         <subfield code="a">Archaeopress Roman archaeology ;</subfield>
         <subfield code="v">20</subfield>
      </datafield>
      <datafield tag="490" ind1="1" ind2=" ">
         <subfield code="a">Archaeopress archaeology</subfield>
      </datafield>
      <datafield tag="504" ind1=" " ind2=" ">
         <subfield code="a">Includes bibliographical references (pages 381-403).</subfield>
      </datafield>
      <datafield tag="546" ind1=" " ind2=" ">
         <subfield code="a">Contributions in English and Spanish.</subfield>
      </datafield>
      <datafield tag="650" ind1=" " ind2="0">
         <subfield code="a">Amphoras</subfield>
         <subfield code="z">Netherlands</subfield>
         <subfield code="z">Nijmegen.</subfield>
      </datafield>
      <datafield tag="650" ind1=" " ind2="0">
         <subfield code="a">Fortification, Roman</subfield>
         <subfield code="z">Netherlands</subfield>
         <subfield code="z">Nijmegen.</subfield>
      </datafield>
      <datafield tag="650" ind1=" " ind2="0">
         <subfield code="a">Excavations (Archaeology)</subfield>
         <subfield code="z">Netherlands</subfield>
         <subfield code="z">Nijmegen.</subfield>
      </datafield>
      <datafield tag="651" ind1=" " ind2="0">
         <subfield code="a">Kops Plateau Site (Netherlands)</subfield>
      </datafield>
      <datafield tag="651" ind1=" " ind2="0">
         <subfield code="a">Rome</subfield>
         <subfield code="x">Army</subfield>
         <subfield code="x">Supplies and stores.</subfield>
      </datafield>
      <datafield tag="651" ind1=" " ind2="0">
         <subfield code="a">Nijmegen (Netherlands)</subfield>
         <subfield code="x">Antiquities, Roman.</subfield>
      </datafield>
      <datafield tag="651" ind1=" " ind2="7">
         <subfield code="a">Batavodurum/(Ulpia) Noviomagus.</subfield>
         <subfield code="2">pleiades</subfield>
         <subfield code="0">https://pleiades.stoa.org/places/98921</subfield>
         <subfield code="5">NyNyUAW</subfield>
      </datafield>
      <datafield tag="700" ind1="1" ind2=" ">
         <subfield code="a">Carreras Monfort, César,</subfield>
         <subfield code="e">editor.</subfield>
         <subfield code="4">edt</subfield>
      </datafield>
      <datafield tag="700" ind1="1" ind2=" ">
         <subfield code="a">Berg, J. van den,</subfield>
         <subfield code="e">editor.</subfield>
         <subfield code="4">edt</subfield>
      </datafield>
      <datafield tag="830" ind1=" " ind2="0">
         <subfield code="a">Archaeopress Roman archaeology ;</subfield>
         <subfield code="v">20.</subfield>
      </datafield>
      <datafield tag="830" ind1=" " ind2="0">
         <subfield code="a">Archaeopress archaeology.</subfield>
      </datafield>
      <datafield tag="OWN" ind1=" " ind2=" ">
         <subfield code="a">GENERAL</subfield>
      </datafield>
      <datafield tag="AVA" ind1=" " ind2=" ">
         <subfield code="a">NYU50</subfield>
         <subfield code="b">NIFA</subfield>
         <subfield code="c">Main Collection</subfield>
         <subfield code="d">NK4650.A6 A48 2017 Non-circulating</subfield>
         <subfield code="e">available</subfield>
         <subfield code="t">Available</subfield>
         <subfield code="f">1</subfield>
         <subfield code="g">0</subfield>
         <subfield code="h">N</subfield>
         <subfield code="i">0</subfield>
         <subfield code="j">MAIN</subfield>
         <subfield code="k">0</subfield>
      </datafield>
      <datafield tag="AVA" ind1=" " ind2=" ">
         <subfield code="a">NYU50</subfield>
         <subfield code="b">NISAW</subfield>
         <subfield code="c">Large Collection</subfield>
         <subfield code="d">NK4650.A6 A48 2017 Non-circulating</subfield>
         <subfield code="e">available</subfield>
         <subfield code="t">Available</subfield>
         <subfield code="f">1</subfield>
         <subfield code="g">0</subfield>
         <subfield code="h">N</subfield>
         <subfield code="i">0</subfield>
         <subfield code="j">LARGE</subfield>
         <subfield code="k">0</subfield>
      </datafield>
      <marc:datafield tag="852" ind1=" " ind2=" ">
         <marc:subfield code="b">Institute for the Study of the Ancient World, </marc:subfield>
         <marc:subfield code="c">Large Collection</marc:subfield>
         <marc:subfield code="e">15 East 84th St., </marc:subfield>
         <marc:subfield code="e">New York, NY  10028</marc:subfield>
      </marc:datafield>
   </record>