
  
  
  
  
  
  
  
  
  
  
 
  
  <record xsi:schemaLocation="http://www.loc.gov/MARC21/slim http://www.loc.gov/standards/marcxml/schema/MARC21slim.xsd">
      <leader>00000cam a2200433 a 4500</leader>
      <controlfield tag="FMT">BK</controlfield>
      <controlfield tag="LDR">00000cam a2200433 a 4500</controlfield>
      <controlfield tag="001">004978386</controlfield>
      <controlfield tag="003">OCoLC</controlfield>
      <controlfield tag="005">20170501140520.0</controlfield>
      <controlfield tag="008">170426s1963    ru a     b    000 0 rusod</controlfield>
      <datafield tag="010" ind1=" " ind2=" ">
         <subfield code="a">64040419</subfield>
      </datafield>
      <datafield tag="035" ind1=" " ind2=" ">
         <subfield code="a">(OCoLC)18861106</subfield>
         <subfield code="z">(OCoLC)26839720</subfield>
      </datafield>
      <datafield tag="040" ind1=" " ind2=" ">
         <subfield code="a">VA@</subfield>
         <subfield code="b">eng</subfield>
         <subfield code="c">VA@</subfield>
         <subfield code="d">CRL</subfield>
         <subfield code="d">PAU</subfield>
         <subfield code="d">OCLCQ</subfield>
         <subfield code="d">OCLCG</subfield>
         <subfield code="d">OCL</subfield>
         <subfield code="d">CUY</subfield>
         <subfield code="d">UPM</subfield>
         <subfield code="d">OCLCQ</subfield>
         <subfield code="d">OCLCF</subfield>
         <subfield code="d">OCLCQ</subfield>
         <subfield code="d">NNU</subfield>
      </datafield>
      <datafield tag="043" ind1=" " ind2=" ">
         <subfield code="a">e-ru---</subfield>
      </datafield>
      <datafield tag="050" ind1="0" ind2="0">
         <subfield code="a">DK511.C37</subfield>
         <subfield code="b">A6 1963</subfield>
      </datafield>
      <datafield tag="245" ind1="0" ind2="0">
         <subfield code="6">880-01</subfield>
         <subfield code="a">Drevnosti Checheno-Ingushetii /</subfield>
         <subfield code="c">[otvetstvennyĭ redaktor E.I. Krupnov].</subfield>
      </datafield>
      <datafield tag="260" ind1=" " ind2=" ">
         <subfield code="6">880-02</subfield>
         <subfield code="a">Moskva :</subfield>
         <subfield code="b">Izd-vo Akademii nauk SSSR,</subfield>
         <subfield code="c">1963.</subfield>
      </datafield>
      <datafield tag="300" ind1=" " ind2=" ">
         <subfield code="a">277 pages :</subfield>
         <subfield code="b">illustrations ;</subfield>
         <subfield code="c">27 cm</subfield>
      </datafield>
      <datafield tag="336" ind1=" " ind2=" ">
         <subfield code="a">text</subfield>
         <subfield code="b">txt</subfield>
         <subfield code="2">rdacontent</subfield>
      </datafield>
      <datafield tag="337" ind1=" " ind2=" ">
         <subfield code="a">unmediated</subfield>
         <subfield code="b">n</subfield>
         <subfield code="2">rdamedia</subfield>
      </datafield>
      <datafield tag="338" ind1=" " ind2=" ">
         <subfield code="a">volume</subfield>
         <subfield code="b">nc</subfield>
         <subfield code="2">rdacarrier</subfield>
      </datafield>
      <datafield tag="500" ind1=" " ind2=" ">
         <subfield code="a">ISAW copy is from the library of Aleksandr Leskov.</subfield>
         <subfield code="5">NyNyUAW</subfield>
      </datafield>
      <datafield tag="500" ind1=" " ind2=" ">
         <subfield code="6">880-03</subfield>
         <subfield code="a">On p. preceding title page: Akademii͡a nauk SSSR. Institut arkheologii AN SSSR. Checheno-Ingushskiĭ nauchno-issledovatelʹskiĭ institut istorii, i͡azyka i literatury.</subfield>
      </datafield>
      <datafield tag="504" ind1=" " ind2=" ">
         <subfield code="a">Includes bibliographical references.</subfield>
      </datafield>
      <datafield tag="505" ind1="0" ind2="0">
         <subfield code="6">880-04</subfield>
         <subfield code="t">Kurgany u stanit͡s Mekenskoĭ /</subfield>
         <subfield code="r">E.I. Krupnov, N.I͡A. Merpert --</subfield>
         <subfield code="t">Novyĭ pami͡atnik ėpokhi bronzy v gornoĭ Chechne /</subfield>
         <subfield code="r">V.I. Markovin --</subfield>
         <subfield code="t">Spektral'nye issledovanii͡a metallicheskikh izdeliĭ iz mogil'nika Gatyn-Kale /</subfield>
         <subfield code="r">E.N. Chernykh --</subfield>
         <subfield code="t">Lugovoĭ mogil'nik /</subfield>
         <subfield code="r">R.M. Munchaev --</subfield>
         <subfield code="t">Glini͡anyĭ shtamp s gorodishcha Alkhan-Kala /</subfield>
         <subfield code="r">V.B. Vinogradov --</subfield>
         <subfield code="t">Bamutskiĭ kurgannyĭ mogil'nik XIV-XVI vv. /</subfield>
         <subfield code="r">E.I. Kruinov, R.M. Munchaev --</subfield>
         <subfield code="t">Chechenskie srednevekovye pami͡atniki v verkhov'i͡akh r. Chanty-Arguna /</subfield>
         <subfield code="r">V.I. Markovin.</subfield>
      </datafield>
      <datafield tag="651" ind1=" " ind2="0">
         <subfield code="a">Checheno-Ingushetia (Russia)</subfield>
         <subfield code="x">Antiquities.</subfield>
      </datafield>
      <datafield tag="650" ind1=" " ind2="0">
         <subfield code="a">Excavations (Archaeology)</subfield>
         <subfield code="z">Russia (Federation)</subfield>
         <subfield code="z">Checheno-Ingushetia.</subfield>
      </datafield>
      <datafield tag="700" ind1="1" ind2=" ">
         <subfield code="6">880-05</subfield>
         <subfield code="a">Krupnov, E. I.</subfield>
         <subfield code="q">(Evgeniĭ Ignatʹevich),</subfield>
         <subfield code="e">editor.</subfield>
      </datafield>
      <datafield tag="710" ind1="2" ind2=" ">
         <subfield code="6">880-06</subfield>
         <subfield code="a">Institut arkheologii (Akademii͡a nauk SSSR),</subfield>
         <subfield code="e">issuing body.</subfield>
      </datafield>
      <datafield tag="710" ind1="2" ind2=" ">
         <subfield code="6">880-07</subfield>
         <subfield code="a">Checheno-Ingushskiĭ nauchno-issledovatelʹskiĭ institut istorii, i͡azyka i literatury,</subfield>
         <subfield code="e">issuing body.</subfield>
      </datafield>
      <datafield tag="776" ind1="0" ind2="8">
         <subfield code="i">Online version:</subfield>
         <subfield code="t">Drevnosti Checheno-Ingushetii.</subfield>
         <subfield code="d">Moskva : Izd-vo Akademii nauk SSSR, 1963</subfield>
         <subfield code="w">(OCoLC)583612429</subfield>
      </datafield>
      <datafield tag="700" ind1="1" ind2=" ">
         <subfield code="a">Leskov, Aleksandr Mikhaĭlovich,</subfield>
         <subfield code="e">former owner.</subfield>
         <subfield code="5">NyNyUAW</subfield>
      </datafield>
      <datafield tag="740" ind1="0" ind2=" ">
         <subfield code="a">Leskov Collection.</subfield>
         <subfield code="5">NyNyUAW</subfield>
      </datafield>
      <datafield tag="880" ind1="0" ind2="0">
         <subfield code="6">245-01/</subfield>
         <subfield code="a">Древности Чечено-Ингушетии /</subfield>
         <subfield code="c">[ответственный редактор Е.И. Крупнов].</subfield>
      </datafield>
      <datafield tag="880" ind1=" " ind2=" ">
         <subfield code="6">260-02/</subfield>
         <subfield code="a">Москва :</subfield>
         <subfield code="b">Изд-во Академии наук СССР,</subfield>
         <subfield code="c">1963.</subfield>
      </datafield>
      <datafield tag="880" ind1=" " ind2=" ">
         <subfield code="6">500-03/</subfield>
         <subfield code="a">On p. preceding title page: Академия наук СССР. Институт археологии АН СССР. Чечено-Ингушский научно-исследовательский институт истории, языка и литературы.</subfield>
      </datafield>
      <datafield tag="880" ind1="0" ind2="0">
         <subfield code="6">505-04/</subfield>
         <subfield code="t">Курганы у станиц Мекенской /</subfield>
         <subfield code="r">Е.И. Крупнов, Н.Я. Мерперт --</subfield>
         <subfield code="t">Новый памятник эпохи бронзы в горной Чечне /</subfield>
         <subfield code="r">В.И. Марковин --</subfield>
         <subfield code="t">Спектральные исследования металлических изделий из могильника Гатын-Кале /</subfield>
         <subfield code="r">Е.Н. Черных --</subfield>
         <subfield code="t">Луговой могильник /</subfield>
         <subfield code="r">Р.М. Мунчаев --</subfield>
         <subfield code="t">Глиняный штамп с городища Алхан-Кала /</subfield>
         <subfield code="r">В.Б. Виноградов --</subfield>
         <subfield code="t">Бамутский курганный могильник XIV-XVI вв. /</subfield>
         <subfield code="r">Е.И. Круинов, Р.М. Мунчаев --</subfield>
         <subfield code="t">Чеченские средневековые памятники в верховьях р. Чанты-Аргуна /</subfield>
         <subfield code="r">В.И. Марковин.</subfield>
      </datafield>
      <datafield tag="880" ind1="1" ind2=" ">
         <subfield code="6">700-05/</subfield>
         <subfield code="a">Крупнов, Е. И.</subfield>
         <subfield code="q">(Евгений Игнатьевич),</subfield>
         <subfield code="e">editor.</subfield>
      </datafield>
      <datafield tag="880" ind1="2" ind2=" ">
         <subfield code="6">710-06/</subfield>
         <subfield code="a">Институт археологии (Академия наук СССР),</subfield>
         <subfield code="e">issuing body.</subfield>
      </datafield>
      <datafield tag="880" ind1="2" ind2=" ">
         <subfield code="6">710-07/</subfield>
         <subfield code="a">Чечено-Ингушский научно-исследовательский институт истории, языка и литературы.,</subfield>
         <subfield code="e">issuing body.</subfield>
      </datafield>
      <datafield tag="994" ind1=" " ind2=" ">
         <subfield code="a">Z0</subfield>
         <subfield code="b">ZYU</subfield>
      </datafield>
      <datafield tag="OWN" ind1=" " ind2=" ">
         <subfield code="a">GENERAL</subfield>
      </datafield>
      <datafield tag="AVA" ind1=" " ind2=" ">
         <subfield code="a">NYU50</subfield>
         <subfield code="b">NISAW</subfield>
         <subfield code="c">Large Collection</subfield>
         <subfield code="d">DK511.C37 A6 1963 Non-circulating</subfield>
         <subfield code="e">available</subfield>
         <subfield code="t">Available</subfield>
         <subfield code="f">1</subfield>
         <subfield code="g">0</subfield>
         <subfield code="h">N</subfield>
         <subfield code="i">0</subfield>
         <subfield code="j">LARGE</subfield>
         <subfield code="k">0</subfield>
      </datafield>
      <marc:datafield tag="852" ind1=" " ind2=" ">
         <marc:subfield code="b">Institute for the Study of the Ancient World, </marc:subfield>
         <marc:subfield code="c">Large Collection</marc:subfield>
         <marc:subfield code="e">15 East 84th St., </marc:subfield>
         <marc:subfield code="e">New York, NY  10028</marc:subfield>
      </marc:datafield>
   </record>