
  
  
  
  
  
  
  
  
  
  
 
  
  <record xsi:schemaLocation="http://www.loc.gov/MARC21/slim http://www.loc.gov/standards/marcxml/schema/MARC21slim.xsd">
      <leader>00000cam a2200301 a 4500</leader>
      <controlfield tag="FMT">BK</controlfield>
      <controlfield tag="LDR">00000cam a2200301 a 4500</controlfield>
      <controlfield tag="001">001162952</controlfield>
      <controlfield tag="003">NNU</controlfield>
      <controlfield tag="005">20170502115639.0</controlfield>
      <controlfield tag="008">040421s2003    it abf   b    101 0 eng d</controlfield>
      <datafield tag="035" ind1="9" ind2=" ">
         <subfield code="a">NYUb12987180</subfield>
      </datafield>
      <datafield tag="035" ind1=" " ind2=" ">
         <subfield code="a">(ICU)hz5156939</subfield>
      </datafield>
      <datafield tag="035" ind1=" " ind2=" ">
         <subfield code="a">(CStRLIN)ILCGHZ5156939-B</subfield>
      </datafield>
      <datafield tag="035" ind1=" " ind2=" ">
         <subfield code="a">(NYU)NYUb12987180</subfield>
      </datafield>
      <datafield tag="040" ind1=" " ind2=" ">
         <subfield code="a">AZN</subfield>
         <subfield code="c">AZN</subfield>
         <subfield code="d">CGU</subfield>
         <subfield code="d">NNU</subfield>
      </datafield>
      <datafield tag="041" ind1="0" ind2=" ">
         <subfield code="a">eng</subfield>
         <subfield code="a">ger</subfield>
      </datafield>
      <datafield tag="043" ind1=" " ind2=" ">
         <subfield code="a">aw-----</subfield>
         <subfield code="a">a-ir---</subfield>
      </datafield>
      <datafield tag="079" ind1=" " ind2=" ">
         <subfield code="a">(OCoLC)54993998</subfield>
      </datafield>
      <datafield tag="090" ind1=" " ind2=" ">
         <subfield code="a">DS62.2</subfield>
         <subfield code="b">.C668 2003</subfield>
      </datafield>
      <datafield tag="245" ind1="0" ind2="0">
         <subfield code="a">Continuity of empire (?) :</subfield>
         <subfield code="b">Assyria, Media, Persia /</subfield>
         <subfield code="c">edited by Giovanni B. Lanfranchi, Michael Roaf, Robert Rollinger.</subfield>
      </datafield>
      <datafield tag="260" ind1=" " ind2=" ">
         <subfield code="a">Padova, Italy :</subfield>
         <subfield code="b">S.a.r.g.o.n. Editrice e Libreria,</subfield>
         <subfield code="c">2003.</subfield>
      </datafield>
      <datafield tag="300" ind1=" " ind2=" ">
         <subfield code="a">xi, 468 p., 22 p. of plates :</subfield>
         <subfield code="b">ill. (some col.), maps ;</subfield>
         <subfield code="c">30 cm.</subfield>
      </datafield>
      <datafield tag="490" ind1="1" ind2=" ">
         <subfield code="a">History of the ancient Near East monographs ;</subfield>
         <subfield code="v">5</subfield>
      </datafield>
      <datafield tag="500" ind1=" " ind2=" ">
         <subfield code="a">ISAW copy is from the library of David I. Owen.</subfield>
         <subfield code="5">NyNyUAW</subfield>
      </datafield>
      <datafield tag="500" ind1=" " ind2=" ">
         <subfield code="a">"This book presents the results of an International Meeting entitled "Continuity of Empire: Assyria, Media, Persia," which took place in Padova from the 26th to 28th April 2001" -- P. vii.</subfield>
      </datafield>
      <datafield tag="504" ind1=" " ind2=" ">
         <subfield code="a">Includes bibliographical references.</subfield>
      </datafield>
      <datafield tag="505" ind1="0" ind2="0">
         <subfield code="t"/>
         <subfield code="t">The rise and fall of Media /</subfield>
         <subfield code="r">Mario Liverani --</subfield>
         <subfield code="t">The Median Dark Age /</subfield>
         <subfield code="r">Michael Roaf --</subfield>
         <subfield code="t">Die Sprache de Meder : eine grosse Unbekannte /</subfield>
         <subfield code="r">Rudiger Schmitt --</subfield>
         <subfield code="t">An Assyrian veiw on the Medes /</subfield>
         <subfield code="r">Karen Radner --</subfield>
         <subfield code="t">Zagros pastoralism and Assyrian imperial expansion /</subfield>
         <subfield code="r">Alessandro Greco --</subfield>
         <subfield code="t">The Assyrian expansion in the Zagros and the local ruling elites /</subfield>
         <subfield code="r">Giovanni B, Lanfranchi --</subfield>
         <subfield code="t">A Median sanctuary at Bīt-Ištar /</subfield>
         <subfield code="r">Karen Radner --</subfield>
         <subfield code="t">Evidence for west-east contacts in the 8th century BC: the Bukān stele /</subfield>
         <subfield code="r">Frederick Mario Fales --</subfield>
         <subfield code="t">Why did the Medes invade Assyria? /</subfield>
         <subfield code="r">Julian Reade --</subfield>
         <subfield code="t">The Assyrian hearland in the period 612-539 BC /</subfield>
         <subfield code="r">John Curtis --</subfield>
         <subfield code="t">Observations on the problem of the Median "empire" on the basis of Babylonian sources /</subfield>
         <subfield code="r">Michael Jursa --</subfield>
         <subfield code="t">Persians, Medes and Elamites : acculturation in the Neo-Elamite period /</subfield>
         <subfield code="r">Wouter Henkelman --</subfield>
         <subfield code="t">Independent Media: archaeological notes from the homeland /</subfield>
         <subfield code="r">David Stronach --</subfield>
         <subfield code="t">The ceramics from Godin II from the late 7th to early 5th century BC /</subfield>
         <subfield code="r">Hilary Gopnik --</subfield>
         <subfield code="t">Archaelogical excavations in tepe Ekbatana (Hamadan) by the Iranian Archaeological Mission between 1983 and 1999 /</subfield>
         <subfield code="r">Mohammad Rahim Sarraf --</subfield>
         <subfield code="t">Medes and Persians in Transcaucasia : archaeological horizons in north-western Iran and Transcaucasia /</subfield>
         <subfield code="r">Stephan Kroll --</subfield>
         <subfield code="t">The western expansion of the Median "empire" : a re-examination /</subfield>
         <subfield code="r">Robert Rollinger --</subfield>
         <subfield code="t">Kerkenes Dağ and the Media "empire" /</subfield>
         <subfield code="r">Robert Rollinger --</subfield>
         <subfield code="t">Herodotus 1, 96-101 : Deioces' conquest of power and the foundation of sacred royalty /</subfield>
         <subfield code="r">Antonio Panaino --</subfield>
         <subfield code="t">Sacas, India, Gobryas, and the Median royal court : Xenophon's Cyropaedia through the eyes of an assyriologist /</subfield>
         <subfield code="r">Simo Parpola --</subfield>
         <subfield code="t">Xenophon in Media /</subfield>
         <subfield code="r">Christopher Tuplin --</subfield>
         <subfield code="t">The Medes and the idea of the succession of empires in antiquity /</subfield>
         <subfield code="r">Josef Wiesehöfer --</subfield>
         <subfield code="t">Afterword /</subfield>
         <subfield code="r">Giovanni B. Lanfranchi</subfield>
      </datafield>
      <datafield tag="546" ind1=" " ind2=" ">
         <subfield code="a">English; one contribution in German.</subfield>
      </datafield>
      <datafield tag="651" ind1=" " ind2="0">
         <subfield code="a">Middle East</subfield>
         <subfield code="x">History</subfield>
         <subfield code="y">To 622</subfield>
         <subfield code="v">Congresses.</subfield>
      </datafield>
      <datafield tag="651" ind1=" " ind2="0">
         <subfield code="a">Assyria</subfield>
         <subfield code="x">History</subfield>
         <subfield code="v">Congresses.</subfield>
      </datafield>
      <datafield tag="651" ind1=" " ind2="0">
         <subfield code="a">Iran</subfield>
         <subfield code="x">Civilization</subfield>
         <subfield code="y">To 640</subfield>
         <subfield code="v">Congresses.</subfield>
      </datafield>
      <datafield tag="700" ind1="1" ind2=" ">
         <subfield code="a">Owen, David I.,</subfield>
         <subfield code="e">former owner.</subfield>
         <subfield code="5">NyNyUAW</subfield>
      </datafield>
      <datafield tag="740" ind1="0" ind2=" ">
         <subfield code="a">Owen Collection.</subfield>
         <subfield code="5">NyNyUAW</subfield>
      </datafield>
      <datafield tag="711" ind1="2" ind2=" ">
         <subfield code="a">Continuity of Empire: Assyria, Media, Persia</subfield>
         <subfield code="d">(2001 :</subfield>
         <subfield code="c">Padua, Italy)</subfield>
      </datafield>
      <datafield tag="700" ind1="1" ind2=" ">
         <subfield code="a">Lanfranchi, Giovanni B.</subfield>
      </datafield>
      <datafield tag="700" ind1="1" ind2=" ">
         <subfield code="a">Roaf, Michael.</subfield>
      </datafield>
      <datafield tag="700" ind1="1" ind2=" ">
         <subfield code="a">Rollinger, Robert.</subfield>
      </datafield>
      <datafield tag="830" ind1=" " ind2="0">
         <subfield code="a">HANE.</subfield>
         <subfield code="p">M ;</subfield>
         <subfield code="v">v. 5.</subfield>
      </datafield>
      <datafield tag="OWN" ind1=" " ind2=" ">
         <subfield code="a">GENERAL</subfield>
      </datafield>
      <datafield tag="AVA" ind1=" " ind2=" ">
         <subfield code="a">NYU50</subfield>
         <subfield code="b">BOBST</subfield>
         <subfield code="c">Main Collection</subfield>
         <subfield code="d">DS62.2 .C668 2003 Oversize</subfield>
         <subfield code="e">unavailable</subfield>
         <subfield code="t">Unavailable</subfield>
         <subfield code="f">1</subfield>
         <subfield code="g">1</subfield>
         <subfield code="h">N</subfield>
         <subfield code="i">11</subfield>
         <subfield code="j">MAIN</subfield>
         <subfield code="k">0</subfield>
      </datafield>
      <datafield tag="AVA" ind1=" " ind2=" ">
         <subfield code="a">NYU50</subfield>
         <subfield code="b">NISAW</subfield>
         <subfield code="c">Large Collection</subfield>
         <subfield code="d">DS62.2.C668 2003 Non-circulating</subfield>
         <subfield code="e">available</subfield>
         <subfield code="t">Available</subfield>
         <subfield code="f">1</subfield>
         <subfield code="g">0</subfield>
         <subfield code="h">N</subfield>
         <subfield code="i">0</subfield>
         <subfield code="j">LARGE</subfield>
         <subfield code="k">0</subfield>
      </datafield>
      <marc:datafield tag="852" ind1=" " ind2=" ">
         <marc:subfield code="b">Institute for the Study of the Ancient World, </marc:subfield>
         <marc:subfield code="c">Large Collection</marc:subfield>
         <marc:subfield code="e">15 East 84th St., </marc:subfield>
         <marc:subfield code="e">New York, NY  10028</marc:subfield>
      </marc:datafield>
   </record>