
  
  
  
  
  
  
  
  
  
  
 
  
  <record xsi:schemaLocation="http://www.loc.gov/MARC21/slim http://www.loc.gov/standards/marcxml/schema/MARC21slim.xsd">
      <leader>00000cam a2200793 a 4500</leader>
      <controlfield tag="FMT">BK</controlfield>
      <controlfield tag="LDR">00000cam a2200793 a 4500</controlfield>
      <controlfield tag="001">001841604</controlfield>
      <controlfield tag="003">OCoLC</controlfield>
      <controlfield tag="005">20170605102555.0</controlfield>
      <controlfield tag="008">881003s1988    pauadf   b    010 0 eng</controlfield>
      <datafield tag="010" ind1=" " ind2=" ">
         <subfield code="a">88030306</subfield>
      </datafield>
      <datafield tag="015" ind1=" " ind2=" ">
         <subfield code="a">GB9924176</subfield>
         <subfield code="2">bnb</subfield>
      </datafield>
      <datafield tag="020" ind1=" " ind2=" ">
         <subfield code="a">0934718903</subfield>
      </datafield>
      <datafield tag="020" ind1=" " ind2=" ">
         <subfield code="a">9780934718905</subfield>
      </datafield>
      <datafield tag="035" ind1=" " ind2=" ">
         <subfield code="a">(OCoLC)18682759</subfield>
         <subfield code="z">(OCoLC)60165901</subfield>
      </datafield>
      <datafield tag="040" ind1=" " ind2=" ">
         <subfield code="a">DLC</subfield>
         <subfield code="b">eng</subfield>
         <subfield code="c">DLC</subfield>
         <subfield code="d">BAKER</subfield>
         <subfield code="d">NLGGC</subfield>
         <subfield code="d">BTCTA</subfield>
         <subfield code="d">LVB</subfield>
         <subfield code="d">YDXCP</subfield>
         <subfield code="d">OCLCG</subfield>
         <subfield code="d">UPM</subfield>
         <subfield code="d">UKV3G</subfield>
         <subfield code="d">GEBAY</subfield>
         <subfield code="d">TJC</subfield>
         <subfield code="d">EUM</subfield>
         <subfield code="d">DEBSZ</subfield>
         <subfield code="d">OCLCF</subfield>
         <subfield code="d">OCLCQ</subfield>
         <subfield code="d">DEBBG</subfield>
         <subfield code="d">JPG</subfield>
         <subfield code="d">OCLCO</subfield>
         <subfield code="d">OCLCA</subfield>
         <subfield code="d">ZYU</subfield>
      </datafield>
      <datafield tag="041" ind1="0" ind2=" ">
         <subfield code="a">eng</subfield>
         <subfield code="a">ger</subfield>
         <subfield code="h">akk</subfield>
         <subfield code="h">sux</subfield>
      </datafield>
      <datafield tag="043" ind1=" " ind2=" ">
         <subfield code="a">aw-----</subfield>
      </datafield>
      <datafield tag="050" ind1="0" ind2="0">
         <subfield code="a">QB19</subfield>
         <subfield code="b">.S35x 1988</subfield>
      </datafield>
      <datafield tag="079" ind1=" " ind2=" ">
         <subfield code="a">(OCoLC)18682759</subfield>
      </datafield>
      <datafield tag="082" ind1="0" ind2=" ">
         <subfield code="a">520/.935</subfield>
         <subfield code="2">19</subfield>
      </datafield>
      <datafield tag="084" ind1=" " ind2=" ">
         <subfield code="a">18.70</subfield>
         <subfield code="2">bcl</subfield>
      </datafield>
      <datafield tag="084" ind1=" " ind2=" ">
         <subfield code="a">18.90</subfield>
         <subfield code="2">bcl</subfield>
      </datafield>
      <datafield tag="084" ind1=" " ind2=" ">
         <subfield code="a">7,41</subfield>
         <subfield code="2">ssgn</subfield>
      </datafield>
      <datafield tag="084" ind1=" " ind2=" ">
         <subfield code="a">EL 7650</subfield>
         <subfield code="2">rvk</subfield>
      </datafield>
      <datafield tag="245" ind1="0" ind2="2">
         <subfield code="a">A scientific humanist :</subfield>
         <subfield code="b">studies in memory of Abraham Sachs /</subfield>
         <subfield code="c">edited by Erle Leichty, Maria deJ. Ellis, and Pamela Gerardi.</subfield>
      </datafield>
      <datafield tag="260" ind1=" " ind2=" ">
         <subfield code="a">Philadelphia, Pa. :</subfield>
         <subfield code="b">Distributed by the Samuel Noah Kramer Fund, The University Museum,</subfield>
         <subfield code="c">1988.</subfield>
      </datafield>
      <datafield tag="300" ind1=" " ind2=" ">
         <subfield code="a">xvi, 378 pages :</subfield>
         <subfield code="b">illustrations ;</subfield>
         <subfield code="c">29 cm.</subfield>
      </datafield>
      <datafield tag="336" ind1=" " ind2=" ">
         <subfield code="a">text</subfield>
         <subfield code="b">txt</subfield>
         <subfield code="2">rdacontent</subfield>
      </datafield>
      <datafield tag="337" ind1=" " ind2=" ">
         <subfield code="a">unmediated</subfield>
         <subfield code="b">n</subfield>
         <subfield code="2">rdamedia</subfield>
      </datafield>
      <datafield tag="338" ind1=" " ind2=" ">
         <subfield code="a">volume</subfield>
         <subfield code="b">nc</subfield>
         <subfield code="2">rdacarrier</subfield>
      </datafield>
      <datafield tag="490" ind1="1" ind2=" ">
         <subfield code="a">Occasional publications of the Samuel Noah Kramer Fund ;</subfield>
         <subfield code="v">9</subfield>
      </datafield>
      <datafield tag="500" ind1=" " ind2=" ">
         <subfield code="a">ISAW copy is from the library of David I. Owen.</subfield>
         <subfield code="5">NyNyUAW</subfield>
      </datafield>
      <datafield tag="504" ind1=" " ind2=" ">
         <subfield code="a">Includes bibliographical references.</subfield>
      </datafield>
      <datafield tag="546" ind1=" " ind2=" ">
         <subfield code="a">English, 2 contributions in German; contains texts in romanized and cuneiform Akkadian and Sumerian.</subfield>
      </datafield>
      <datafield tag="505" ind1="0" ind2="0">
         <subfield code="t">Assyrian Scholarly Texts in the Yale Babylonian Collection /</subfield>
         <subfield code="r">Gary Beckman and Benjamin R. Foster --</subfield>
         <subfield code="t">Eine Axt Für Nergal /</subfield>
         <subfield code="r">Hermann Behrens --</subfield>
         <subfield code="t">An Old Assyrian Letter /</subfield>
         <subfield code="r">Robert D. Biggs --</subfield>
         <subfield code="t">Meton of Athens and Astronomy in the Late Fifth Century B.C. /</subfield>
         <subfield code="r">Alan C. Bowen and Bernard R. Goldstein --</subfield>
         <subfield code="t">Warrior, Devestating Deluge, Destroyer of Hostile Lands: A Sumerian Šuila to Marduk /</subfield>
         <subfield code="r">Jerrold S. Cooper --</subfield>
         <subfield code="t">Nikarchos and Kephalon /</subfield>
         <subfield code="r">L. Timothy Doty --</subfield>
         <subfield code="t">Old Babylonian Texts from Tell Harmal, and Elsewhere? /</subfield>
         <subfield code="r">Maria deJong Ellis --</subfield>
         <subfield code="t">Adad-apla-iddina, Esagil-kīn-apli, and the Series SA.GIG /</subfield>
         <subfield code="r">Irving L. Finkel --</subfield>
         <subfield code="t">Bilingual Moon Omens from Boğazköy /</subfield>
         <subfield code="r">Hans G. Güterbock /</subfield>
         <subfield code="r">The Nabonassar Era and other Epochs in Mesopotamian Chronology and Chronography /</subfield>
         <subfield code="r">William W. Hallo --</subfield>
         <subfield code="t">A Scene in the Realm of the Dead /</subfield>
         <subfield code="r">Harry A. Hoffner Jr. --</subfield>
         <subfield code="t">A 3456: eine Sammlung von Merkurbeobachtungen /</subfield>
         <subfield code="r">Hermann Hunger --</subfield>
         <subfield code="t">The Asakku in Lugal-e /</subfield>
         <subfield code="r">Thorkild Jacobsen --</subfield>
      </datafield>
      <datafield tag="505" ind1="0" ind2="0">
         <subfield code="9"/>
         <subfield code="t">Two Tables from the Arabic Astronomical Handbook for the Mongol Viceroy of Tibet /</subfield>
         <subfield code="r">E.S. Kennedy and Jan Hogendijk --</subfield>
         <subfield code="t">BM 96679: A New Inanna Iršemma /</subfield>
         <subfield code="r">Samuel Noah Kramer --</subfield>
         <subfield code="t">An Old Akkadian List of Sumerian Personal Names /</subfield>
         <subfield code="r">W.G. Lambert --</subfield>
         <subfield code="t">Guaranteed to Cure /</subfield>
         <subfield code="r">Erle Leichty --</subfield>
         <subfield code="t">Sin-Iddinam and Iškur /</subfield>
         <subfield code="r">Piotr Michalowski --</subfield>
         <subfield code="t">Eagle Omens from Šumma Alu /</subfield>
         <subfield code="r">Sally Moren and Benjamin R. Foster --</subfield>
         <subfield code="t">Cuneiform Mathematical Texts as Training for Scribal Professions /</subfield>
         <subfield code="r">Karen Rhea Nemet-Nejat --</subfield>
         <subfield code="t">A Babylonian Lunar Ephemeris from Roman Egypt /</subfield>
         <subfield code="r">Otto Neugebauer --</subfield>
         <subfield code="t">A Unique Late Sargonic River Ordeal in the John Frederick Lewis Collection /</subfield>
         <subfield code="r">David I. Owen --</subfield>
         <subfield code="t">A Babylonian Star Catalogue: BM 78161 /</subfield>
         <subfield code="r">David Pingree and Christopher Walker --</subfield>
         <subfield code="t">Benefic and Malefic Planets in Babylonian Astrology /</subfield>
         <subfield code="r">F. Rochberg-Halton --</subfield>
         <subfield code="t">Shunukhra-Khalu /</subfield>
         <subfield code="r">Jack M. Sasson --</subfield>
         <subfield code="t">Hipparchus and Babylonian Astronomy /</subfield>
         <subfield code="r">G.J. Toomer --</subfield>
         <subfield code="t">A Note on Some Prices in Late Babylonian Astronomical Diaries /</subfield>
         <subfield code="r">Donald J. Wiseman --</subfield>
         <subfield code="t">Bibliography of the Published Works of Abraham Sachs /</subfield>
         <subfield code="r">compiled by David Pingree.</subfield>
      </datafield>
      <datafield tag="650" ind1=" " ind2="0">
         <subfield code="a">Cuneiform tablets.</subfield>
      </datafield>
      <datafield tag="650" ind1=" " ind2="0">
         <subfield code="a">Astronomy, Assyro-Babylonian.</subfield>
      </datafield>
      <datafield tag="650" ind1=" " ind2="0">
         <subfield code="a">Akkadian language</subfield>
         <subfield code="v">Texts.</subfield>
      </datafield>
      <datafield tag="650" ind1=" " ind2="0">
         <subfield code="a">Sumerian language</subfield>
         <subfield code="v">Texts.</subfield>
      </datafield>
      <datafield tag="600" ind1="1" ind2="7">
         <subfield code="a">Sachs, Abraham.</subfield>
         <subfield code="2">fast</subfield>
         <subfield code="0">(OCoLC)fst00110717</subfield>
      </datafield>
      <datafield tag="650" ind1=" " ind2="7">
         <subfield code="a">Astronomy, Assyro-Babylonian.</subfield>
         <subfield code="2">fast</subfield>
         <subfield code="0">(OCoLC)fst00819767</subfield>
      </datafield>
      <datafield tag="600" ind1="1" ind2="7">
         <subfield code="a">Sachs, Abraham</subfield>
         <subfield code="d">1915-1983.</subfield>
         <subfield code="2">gnd</subfield>
      </datafield>
      <datafield tag="700" ind1="1" ind2=" ">
         <subfield code="a">Sachs, Abraham,</subfield>
         <subfield code="e">honoree.</subfield>
      </datafield>
      <datafield tag="700" ind1="1" ind2=" ">
         <subfield code="a">Leichty, Erle,</subfield>
         <subfield code="d">1933-</subfield>
      </datafield>
      <datafield tag="700" ind1="1" ind2=" ">
         <subfield code="a">Ellis, Maria deJ.</subfield>
      </datafield>
      <datafield tag="700" ind1="1" ind2=" ">
         <subfield code="a">Gerardi, Pamela,</subfield>
         <subfield code="d">1956-</subfield>
      </datafield>
      <datafield tag="700" ind1="1" ind2=" ">
         <subfield code="a">Owen, David I.,</subfield>
         <subfield code="e">former owner.</subfield>
         <subfield code="5">NyNyUAW</subfield>
      </datafield>
      <datafield tag="740" ind1="0" ind2=" ">
         <subfield code="a">Owen Collection.</subfield>
         <subfield code="5">NyNyUAW</subfield>
      </datafield>
      <datafield tag="776" ind1="0" ind2="8">
         <subfield code="i">Online version:</subfield>
         <subfield code="t">Scientific humanist.</subfield>
         <subfield code="d">Philadelphia, Pa. : Distributed by the Samuel Noah Kramer Fund, The University Museum, 1988</subfield>
         <subfield code="w">(OCoLC)624465736</subfield>
      </datafield>
      <datafield tag="830" ind1=" " ind2="0">
         <subfield code="a">Occasional publications of the Samuel Noah Kramer Fund ;</subfield>
         <subfield code="v">9.</subfield>
      </datafield>
      <datafield tag="856" ind1="4" ind2="1">
         <subfield code="3">Table of contents</subfield>
         <subfield code="u">http://swbplus.bsz-bw.de/bsz021159521inh.htm</subfield>
      </datafield>
      <datafield tag="856" ind1=" " ind2=" ">
         <subfield code="u">http://bvbr.bib-bvb.de:8991/F?func=service&amp;doc_library=BVB01&amp;local_base=BVB01&amp;doc_number=002627978&amp;line_number=0001&amp;func_code=DB_RECORDS&amp;service_type=MEDIA</subfield>
         <subfield code="z">Inhaltsverzeichnis</subfield>
      </datafield>
      <datafield tag="OWN" ind1=" " ind2=" ">
         <subfield code="a">GENERAL</subfield>
      </datafield>
      <datafield tag="950" ind1=" " ind2=" ">
         <subfield code="l">BMAIN</subfield>
         <subfield code="i">02/06/90 C</subfield>
      </datafield>
      <datafield tag="955" ind1=" " ind2=" ">
         <subfield code="l">BMAIN</subfield>
         <subfield code="c">1</subfield>
         <subfield code="q">89-B45647-1</subfield>
         <subfield code="r">014322716</subfield>
         <subfield code="i">02/06/90 C</subfield>
      </datafield>
      <datafield tag="998" ind1=" " ind2=" ">
         <subfield code="a">02/06/90</subfield>
         <subfield code="t">b</subfield>
         <subfield code="s">9110</subfield>
         <subfield code="n">NNU</subfield>
         <subfield code="w">DCLC8830306B</subfield>
         <subfield code="d">12/06/89</subfield>
         <subfield code="b">AB</subfield>
         <subfield code="i">900206</subfield>
         <subfield code="l">NYUG</subfield>
      </datafield>
      <datafield tag="AVA" ind1=" " ind2=" ">
         <subfield code="a">NYU50</subfield>
         <subfield code="b">BOBST</subfield>
         <subfield code="c">Main Collection</subfield>
         <subfield code="d">QB19 .S44 1988</subfield>
         <subfield code="e">available</subfield>
         <subfield code="t">Available</subfield>
         <subfield code="f">1</subfield>
         <subfield code="g">0</subfield>
         <subfield code="h">N</subfield>
         <subfield code="i">11</subfield>
         <subfield code="j">MAIN</subfield>
         <subfield code="k">0</subfield>
      </datafield>
      <datafield tag="AVA" ind1=" " ind2=" ">
         <subfield code="a">NYU50</subfield>
         <subfield code="b">NISAW</subfield>
         <subfield code="c">Large Collection</subfield>
         <subfield code="d">QB19 .S44 1988 Non-circulating</subfield>
         <subfield code="e">available</subfield>
         <subfield code="t">Available</subfield>
         <subfield code="f">1</subfield>
         <subfield code="g">0</subfield>
         <subfield code="h">N</subfield>
         <subfield code="i">0</subfield>
         <subfield code="j">LARGE</subfield>
         <subfield code="k">0</subfield>
      </datafield>
      <marc:datafield tag="852" ind1=" " ind2=" ">
         <marc:subfield code="b">Institute for the Study of the Ancient World, </marc:subfield>
         <marc:subfield code="c">Large Collection</marc:subfield>
         <marc:subfield code="e">15 East 84th St., </marc:subfield>
         <marc:subfield code="e">New York, NY  10028</marc:subfield>
      </marc:datafield>
   </record>